2768 4694
390 344 461 414 DE
483 345 523 411 P.
551 343 748 413 OVIDIO
771 344 997 415 NASONE.
1163 351 1228 419 335

153 481 239 571 bili,
255 481 315 583 qui
328 500 381 559 est
392 484 508 580 genius
522 485 754 574 Nasouianus,
770 484 885 562 tabula
902 488 1083 589 reponitur.
1095 501 1120 557 's
1143 493 1230 569 Vide

156 599 247 677 etad
264 597 325 673 tib.
340 601 413 688 ΠΙ,
430 626 513 701 290.

204 729 313 816 lnnrr,
325 725 367 801 ad
378 725 438 802 lib.
454 729 524 816 Ill,
543 752 630 828 192:
647 761 664 793 κ
678 730 719 802 ln
730 726 858 803 Niobes
866 728 1146 833 magniloquentia
1158 763 1231 836 poe-

156 869 264 944 naque
275 842 521 930 describendis,
540 842 687 944 seipsum
701 842 780 916 vicit
793 843 951 934 Ovidius,
964 875 1062 947 quem
1079 853 1231 951 suspicor

157 985 224 1032 non
249 985 355 1058 pauca
372 985 413 1032 ex
430 957 564 1054 tragicis
589 956 766 1048 sumsisse,
789 953 889 1033 hodie
909 987 977 1033 non
1000 964 1230 1055 exstantibus,

157 1099 368 1166 magnacum
385 1089 500 1146 nostra
517 1070 674 1145 dolentia.
693 1104 711 1136 a

207 1196 264 1269 Ad
278 1196 338 1271 lib.
357 1199 421 1288 IV,
440 1193 511 1297 756
527 1226 535 1270 r
553 1230 570 1262 «
587 1196 731 1270 Librarii
744 1225 815 1270 non
831 1195 939 1270 solum
955 1195 1162 1294 tautologum
1176 1202 1230 1277 le-

160 1330 281 1386 cerunt
296 1313 476 1402 Ovidium,
494 1311 552 1388 sed
568 1315 750 1413 majoribus
767 1313 864 1388 dictis
877 1314 987 1416 inepte
1001 1314 1131 1390 minora
1146 1316 1231 1391 sub-

161 1426 240 1499 dere
249 1427 396 1503 fecerunt
408 1429 583 1519 Ovidium,
597 1448 728 1531 poetam
743 1430 984 1519 cautissimum,
1000 1447 1033 1504 et
1044 1430 1106 1505 alia
1120 1434 1230 1507 omnia

159 1545 277 1645 potius
294 1566 390 1648 quarn
407 1547 596 1647 tautologiae
613 1567 726 1624 notam
746 1550 909 1624 meritum.
928 1583 945 1615 »

208 1673 265 1748 Ad
277 1671 394 1764 titrv,
409 1673 479 1779 367
494 1703 504 1750 z
523 1706 542 1742 α
557 1672 693 1772 ttrgitii
707 1675 861 1772 gravitati
873 1671 902 1748 si
914 1672 1104 1751 facilitatem
1118 1679 1231 1753 Ovidii

158 1791 450 1894 incomparabilem
473 1792 725 1894 composueris,
748 1789 922 1866 miraberis
943 1791 1230 1888 ingeniosissimo·

159 1934 235 1982 rum
251 1907 424 1983 hominum
442 1907 671 1984 differentiam.
690 1907 851 2008 Papinius
867 1906 910 1981 ad
928 1934 984 1981 eos
999 1905 1095 1981 nihil.
1114 1942 1132 1974 »
1173 1915 1175 1919 '

207 2035 293 2111 Ibid.
313 2037 354 2127 V,
375 2035 441 2130 481
463 2066 506 2111 :«
525 2032 787 2134 Quadivinitus
804 2031 1004 2118 dictasunt,
1025 2059 1085 2106 nec
1099 2061 1165 2135 ope
1178 2033 1230 2108 ul-

161 2151 226 2228 lius
243 2153 365 2251 ingenii
382 2152 519 2227 humani
535 2151 607 2226 lieri
622 2166 766 2253 possunt
780 2149 1018 2254 praestantiora.
1040 2183 1058 2251 u

208 2278 263 2351 Ad
278 2277 337 2352 lib.
351 2278 423 2364 Vl,
440 2273 512 2348 536
528 2305 536 2349 :
556 2309 573 2341 «
588 2277 629 2350 ln
642 2274 863 2376 descriptione
876 2302 998 2374 pugnae.
1013 2274 1229 2375 Lapitharum

162 2420 237 2464 curn
253 2392 445 2480 Centauris,
461 2392 688 2467 inventionum
704 2391 818 2493 eopia,
839 2407 872 2463 et
889 2391 1051 2464 sermonis
1065 2389 1163 2463 nitidi
1178 2419 1229 2464 cc-

164 2505 290 2581 leritate
308 2508 454 2608 seipsum
471 2508 646 2608 superavit.
666 2541 683 2575 s

213 2630 268 2704 Ad
284 2629 346 2705 lib.
364 2632 433 2719 Xl,
452 2633 499 2726 42
514 2661 552 2706 r«
568 2632 708 2709 Ovidius
721 2658 817 2707 verus
825 2628 946 2704 Phoebi
955 2625 1039 2718 olor,
1055 2656 1123 2730 quo
1134 2656 1229 2703 nemo

165 2749 316 2834 suavius,
330 2768 383 2837 et,
401 2768 438 2825 ut
456 2750 502 2824 ita
518 2749 651 2853 loquar,
670 2750 876 2852 penetrantius
890 2776 1035 2849 unquam
1049 2746 1231 2822 infortunia

165 2895 238 2956 sua,
256 2866 307 2941 vel
325 2867 429 2943 aliena
447 2866 628 2968 dequestus
647 2884 707 2941 est.
723 2869 769 2941 Et
788 2866 879 2941 omni
900 2863 1010 2965 lapide
1031 2864 1147 2938 durior
1167 2866 1232 2941 fuit

164 2985 309 3081 Augusti
321 2982 465 3072 animus,
478 2983 555 3085 qui,
568 2981 673 3057 sinon
683 2979 779 3084 plane
791 2982 999 3069 condonare,
1015 2980 1106 3082 quod
1117 2981 1232 3085 utique

165 3118 198 3176 et
207 3119 340 3203 poterat
353 3118 387 3175 ct
400 3099 558 3189 debebat,
571 3098 717 3202 culpam,
732 3101 896 3173 remittere
908 3116 1016 3173 tamen
1027 3095 1131 3172 exsilii
1142 3114 1233 3172 atro-

167 3216 293 3291 citatem
304 3243 375 3290 uno
389 3214 491 3288 verbo
505 3212 666 3303 debebat,
684 3210 848 3313 illiquenti
862 3229 929 3286 tarn
941 3212 1094 3307 ingenuis
1109 3209 1232 3286 lamen-

168 3330 349 3406 tationibus
368 3347 461 3405 tanto
479 3327 625 3424 ingenio.
645 3361 662 3392 »
776 3321 780 3329 ’

213 3452 301 3528 lbid.
331 3457 402 3550 400
426 3488 434 3530 :
460 3456 615 3550 «Longa
640 3451 723 3527 serie
741 3443 793 3529 res
817 3452 866 3526 ibi
895 3471 1064 3543 narratur,
1082 3453 1232 3528 versibus
1351 3498 1356 3505 ·

170 3566 265 3669 plane
280 3572 454 3646 Musarum
474 3570 729 3670 manuscriptis,
746 3585 781 3643 et
797 3596 853 3641 ore
870 3569 1033 3644 canendis.
1056 3602 1074 3635 »

218 3694 334 3778 IDEM,
355 3695 489 3771 Advers.
516 3714 630 3781 Lvtlt,
654 3721 725 3794 cap.
745 3719 787 3794 9,
816 3690 933 3765 dicit«
955 3694 1143 3766 uuiversum
1165 3688 1235 3788 ejus

171 3835 257 3908 opus
273 3810 433 3906 (Metam.
444 3813 460 3904 )
472 3811 642 3910 ingenium
652 3809 765 3912 potius
776 3807 897 3883 referre
912 3836 1010 3909 quarn
1023 3832 1150 3894 curam,
1168 3833 1234 3906 quo

170 3926 245 4026 ipso
260 3923 358 4020 longe
377 3926 517 4000 Marone
531 3947 582 4003 est
597 3925 744 4002 inlerior.
765 3957 784 3991 ›>
800 3924 885 3999 Vide
899 3923 1036 4026 reliqua.

219 4053 436 4139 Manurws,
455 4049 496 4122 ad
513 4051 619 4126 Cicer.
638 4050 697 4124 lib.
712 4052 761 4124 IV
773 4048 809 4124 in
824 4052 919 4123 Verr.
939 4077 1010 4150 cap.
1025 4045 1071 4141 48
1095 4077 1102 4118 :
1124 4080 1141 4113 «
1158 4045 1234 4122 Ele-
