2768 4694
157 312 221 376 310
494 304 891 378 DEDICATLONES

156 447 319 548 praecipue
342 463 533 546 poetarum,
561 445 618 545 qui
638 472 762 521 >omnes
776 443 904 520 Solimi
926 460 1056 544 suntet
1072 444 1217 545 Aqt'nii„

156 561 312 657 Indulget
322 561 464 638 Ovidius
476 561 607 658 ingenio
619 589 681 635 suo
690 589 701 633 ε
711 556 1022 646 αόνεεωω,αεᾶο,
1034 557 1217 662 mtaliquid

158 705 197 751 ex
215 674 326 749 Africa
348 675 426 748 nori
446 706 453 749 :
472 703 514 749 an
537 674 567 749 si
590 674 688 771 genio
705 702 766 747 suo
784 671 985 768 indulgeret,
1005 700 1126 774 sapere
1140 673 1220 751 mol·

159 810 270 867 torum
289 790 414 889 judicio
440 789 620 878 diceretur,
638 787 731 863 Fabii
749 787 910 863 sententia
930 786 1060 868 dicetur
1081 789 1221 869 insanire

159 904 251 1006 quod
273 933 335 979 suo
363 902 514 999 indulget
540 903 699 999 ingenio?
719 902 826 990 Bonis
846 901 968 983 nostris
988 901 1173 998 ‘beuiguios
1192 923 1222 981 et

160 1020 355 1107 liberalius,
384 1022 465 1094 citra
486 1019 796 1121 reprehensionem,
821 1018 929 1094 nobis
944 1019 996 1093 uti
1016 1019 1220 1096 conceditur.

161 1137 294 1210 Nostris
311 1136 469 1230 ingeniis,
489 1153 643 1235 tanquam
651 1136 767 1234 equis,
785 1164 852 1236 quo
867 1134 1003 1211 libitum
1015 1152 1071 1209 est
1084 1165 1224 1238 cumque

161 1255 311 1329 vehimur
325 1283 332 1339 ;
352 1280 568 1351 campumque
584 1250 930 1352 coptaniriemnacti,
947 1279 1017 1333 non
1031 1252 1160 1330 umjis
1176 1253 1224 1328 ad

162 1372 312 1446 ducimus
328 1370 491 1455 habenas,
512 1397 608 1468 quam
621 1367 772 1445 laxantis
788 1386 823 1443 et
838 1368 1064 1458 immittimus..
1083 1370 1226 1463 ansit

163 1486 322 1569 Ovidius,
346 1500 381 1556 et
403 1480 563 1567 luxuriat3
581 1482 646 1557 hoe
662 1478 727 1578 dgo
744 1481 834 1565 laudi
854 1481 961 1571 duco,
975 1481 1129 1583 produt
1142 1483 1225 1561 m'tio

163 1603 284 1677 vertis:
301 1600 393 1700 quod
412 1616 448 1672 tu
471 1599 588 1680 obesse
604 1616 718 1699 putas,
733 1599 769 1674 id
784 1625 847 1694 ego
862 1598 1019 1699 prodesse
1034 1596 1228 1677 adolescen-

164 1718 311 1793 tulorum
326 1715 446 1790 studiis
463 1716 626 1791 existimo.
647 1718 694 1796 Et
709 1743 787 1803 rero
804 1715 1010 1815 periissem,
1020 1741 1068 1793 ,eo
1083 1712 1229 1795 sirete

163 1861 237 1906 mus
253 1831 378 1931 judice,
397 1829 838 1930 quamtuiniquumejemre
850 1856 920 1905 nun
932 1826 1096 1910 audeas-«¹
1113 1827 1226 1915 toto,

166 1981 184 2015 »
203 1947 313 2047 inquit
329 1948 381 2028 Μ,
396 1936 575 2021 Tulliusin
588 1943 693 2027 tib,th
707 1946 747 2021 de
761 1945 1093 2042 Oratoreme-effemt
1103 1947 1227 2035 inador

166 2096 183 2128 o
202 2061 345 2138 leseente
358 2060 662 2149 iucunditasrnam
670 2060 820 2150 facilius,
836 2060 968 2149 sicutin
980 2061 1125 2151 ritibus,
1136 2091 1228 2138 tero

167 2212 185 2244 s
204 2193 322 2253 eantur
337 2205 410 2276 qua
426 2177 616 2255 cornitulum
631 2174 869 2277 profuderunt,
888 2204 985 2277 quam
998 2175 1132 2253 sinibil
1143 2175 1228 2251 mlot

167 2331 185 2365 n
204 2297 371 2383 materies,
386 2323 471 2370 nora
483 2313 643 2370 sarmenta
651 2293 779 2369 cultura
790 2295 973 2368 excitantur
987 2296 1057 2370 sita
1070 2294 1146 2370 volo
1155 2318 1227 2372 osse

168 2448 187 2480 »
205 2414 241 2486 in
256 2409 464 2487 adolescente
481 2410 567 2486 unde
583 2409 709 2512 aliquid
724 2422 900 2511 amputem
921 2412 1104 2513 Nonenim
1119 2430 1229 2514 potest

168 2565 186 2596 »
207 2529 244 2604 in
266 2556 305 2602 eo
324 2555 444 2602 succus
466 2554 536 2602 esse
555 2526 754 2615 diuturnus,
774 2527 864 2628 quod
889 2527 1228 2605 nimisoderiurst

168 2683 186 2716 »
203 2635 423 2722 maturitatem
440 2644 608 2744 adeptum.
624 2676 648 2709 e
666 2644 733 2717 Sc'd
754 2643 836 2743 qnid
857 2671 918 2737 ego
943 2646 997 2740 Μ
1010 2645 1163 2724 Tullium
1176 2647 1228 2721 nt

37 2834 40 2840 .
165 2760 277 2863 pello?
293 2762 342 2833 Te
360 2757 422 2833 tibi
435 2757 578 2856 judicem
593 2758 684 2846 le'ro3
704 2759 817 2835 totuis
830 2759 996 2833 damnabo
1007 2760 1150 2850 tabulis,
1167 2764 1227 2864 qui

164 2877 263 2969 longe
286 2874 382 2974 plura
406 2872 440 2947 in
467 2900 538 2948 eam
564 2875 758 2949 sententiam
776 2875 954 2976 disputasti
971 2877 1080 2977 eapite
1105 2885 1226 2978 quarto

165 2989 245 3061 libri
262 2986 426 3061 secundi:
449 3014 521 3084 quae
540 3004 573 3059 et
587 2988 756 3066 brevitatis
772 3017 867 3063 causa
885 3008 1065 3089 pretereo,
1080 3009 1116 3065 et
1131 3009 1169 3066 ut
1183 2993 1226 3067 ad

168 3104 321 3177 Seuerum
341 3102 466 3174 veniam
488 3133 497 3175 :
517 3102 611 3200 cujus
635 3132 705 3203 quo
723 3131 842 3178 nomen
860 3122 910 3179 est
927 3105 1031 3204 majus
1046 3124 1079 3181 et
1094 3109 1227 3202 gravior

167 3216 383 3303 existimatio,
398 3215 463 3295 hoc
475 3233 526 3290 est
536 3208 727 3297 adcuratios
738 3248 875 3296 censura
886 3222 1072 3298 refellenda.
1082 3228 1124 3299 ln
1134 3223 1224 3301 libro

168 3332 469 3409 Controuersiarum
484 3333 652 3421 secondo..
662 3337 883 3411 controversia
899 3340 993 3414 tertia
1010 3341 1124 3442 (quod
1141 3370 1227 3444 opos

164 3450 309 3552 patrisne
323 3451 471 3539 Senecas,
487 3481 530 3526 an
543 3450 606 3527 filii·
620 3453 682 3561 sit,
702 3452 782 3528 alias
799 3455 949 3551 videro),
964 3459 1033 3531 ltaec
1045 3458 1086 3533 de
1100 3460 1225 3534 Ovidio

164 3565 339 3663 leguntur:
362 3601 379 3632 α
398 3566 613 3648 Declamabat
625 3566 716 3645 llaso
733 3600 808 3645 raro
826 3575 1083 3664 controversias,
1107 3594 1142 3650 et
1158 3604 1225 3650 non

168 3716 186 3748 »
204 3682 269 3756 nisi
281 3682 405 3758 ethicas
419 3715 426 3759 :
440 3682 600 3760 libentius
609 3683 924 3762 dicebat—suasorias.
940 3687 1084 3764 Molesta
1098 3690 1148 3765 illi
1160 3708 1227 3767 erat

167 3827 184 3859 »
207 3796 314 3873 omnis
330 3797 569 3893 argumentatio
592 3797 730 3873 :uerbis
745 3799 877 3874 minirne
895 3799 1031 3877 licenter
1046 3832 1131 3879 usus
1153 3822 1224 3891 est,

168 3944 185 3975 o
205 3910 269 3984 nisi
291 3911 327 3985 in
345 3911 543 3986 carminibus
566 3942 575 3986 :
594 3914 629 3988 in
646 3913 768 4015 quibus
784 3944 853 3989 non
869 3916 1034 4013 ignorarit
1047 3920 1129 3994 vitia
1144 3947 1224 4005 stra,

167 4058 184 4095 >>
204 4026 261 4105 sed
279 4027 407 4103 amarit.
433 4027 646 4105 Manifestum
662 4047 774 4133 potest
790 4061 881 4122 esse,
897 4034 992 4135 quod
1007 4055 1147 4131 rogatus
1162 4034 1225 4111 ali-
