2768 4694
154 329 219 414 240
476 326 514 391 r.
546 325 726 395 uv1n11
753 325 886 395 vira

154 465 375 574 proculdubio
392 467 545 542 carminis
562 470 685 564 gratia,
702 468 795 570 quud
808 467 904 568 getr‘ce
919 464 961 540 ab
980 462 1020 538 eo
1037 466 1220 541 concinna·

155 605 244 674 tum,
265 611 364 685 supra
380 582 531 657 vidimus.

205 704 246 773 V.
259 702 401 774 Ceteras
410 727 488 773 veru
500 698 644 798 ejusdem
656 698 732 773 iibri
745 696 936 799 Epistulas,
950 725 1052 798 quum
1062 698 1219 800 temporis

159 834 246 891 nuta
264 813 390 903 desint,
408 814 506 889 nubis
528 812 693 888 nonlicet
717 813 760 888 ad
779 830 904 887 certum
924 809 1069 907 adligare
1087 839 1218 885 annum

158 932 257 1006 Patet
274 948 401 1006 tantum
418 930 574 1032 insuper,
591 949 643 1005 all
662 930 697 1003 Τ
694 929 814 1004 uticum
829 947 908 1030 pust
923 928 1069 1024 Augusti
1093 928 1218 1004 ubitnn

160 1050 269 1124 datam
285 1076 373 1134 esse,
391 1075 431 1121 ex
445 1073 528 1120 vers.
548 1043 595 1146 39
610 1063 643 1118 et
660 1046 717 1138 do.
734 1047 784 1119 Ea
796 1043 914 1119 deinde
930 1044 1100 1144 posterior
1114 1044 1220 1119 estde·

159 1158 377 1265 cicun-quartu,
397 1178 435 1236 ut
453 1160 585 1236 collatio
600 1162 708 1235 ducet.

338 1479 420 1533 Anno
434 1476 466 1530 C.
479 1493 556 1542 xvir,
569 1477 605 1532 U.
618 1475 651 1531 C.
663 1491 787 1542 nucum
801 1474 892 1531 Ovidii
904 1493 948 1532 nx
961 1485 989 1530 et
1001 1491 1042 1529 nx.

234 1620 266 1673 C.
285 1616 451 1672 cfficlnlo
468 1616 591 1686 RUFO,
610 1617 640 1670 L.
657 1614 863 1673 POMPONIO
882 1615 1033 1672 FLACCO
1052 1614 1153 1672 COSS.

214 1767 241 1838 1.
270 1764 524 1838 Gramineus
541 1762 596 1837 his
612 1761 807 1837 consulibus
831 1759 876 1834 od
893 1777 947 1833 vn
969 1757 1092 1834 iahad
1110 1757 1225 1834 Juniis

167 1876 393 1977 triurnpducr'sse
403 1876 442 1950 de
455 1875 633 1962 Cheruscis,
653 1875 831 1977 Chattisque
839 1890 871 1950 e!
880 1875 1090 1977 Augn'cun'c's,
1102 1899 1227 1977 qumque

166 1995 239 2067 odit
257 1994 393 2067 sassones
413 2021 504 2095 usque
528 1990 573 2065 ud
590 1993 702 2068 Albim
724 1994 843 2078 colunt,
874 1992 993 2065 diserte
1015 1989 1116 2065 tradit
1133 1987 1228 2063 Taci-

169 2129 225 2185 tus
243 2120 265 2184 ¹.
287 2111 415 2186 Idcirco
434 2109 523 2185 haud
540 2126 614 2184 ante
633 2111 722 2184 hunc
735 2138 858 2183 annum
877 2110 1017 2184 Ovidius
1032 2111 1227 2184 Fastonlffl

169 2227 276 2302 libros
292 2226 412 2314 edidic;
438 2225 601 2326 siqnidem
619 2225 714 2299 istius
730 2225 878 2326 triumphi
890 2227 1037 2302 meminit
1053 2225 1116 2304 lib.
1134 2228 1170 2314 l,
1184 2223 1229 2299 sie

172 2343 283 2443 ipsum
297 2340 478 2441 adloquens
494 2339 630 2425 Jaaum,
649 2367 762 2414 avers.
783 2366 851 2441 277
869 2372 878 2416 ε

332 2491 368 2544 At
379 2509 427 2543 cnr
433 2509 500 2559 pace
509 2490 589 2559 lates,
601 2490 730 2559 motisque
741 2489 881 2545 recluderis
892 2490 986 2556 armis,
995 2500 1042 2544 etc.

173 2610 256 2682 Mox
273 2608 365 2682 Dens
382 2606 585 2708 respondet:

336 2753 404 2808 Pace
417 2753 488 2807 [ures
499 2753 584 2819 obdu,
596 2772 630 2807 ne
644 2772 696 2824 qna
708 2754 840 2810 discedere
854 2755 949 2825 possin

368 2837 541 2909 omoeoque
553 2842 597 2892 dm
611 2841 721 2895 numine
731 2845 834 2896 clausus
844 2862 893 2895 ero.

175 2955 315 3052 lpseque
332 2970 430 3053 poeta
445 2953 622 3052 subjungit
633 2957 675 3030 ad
692 2958 945 3032 Germanicum:

342 3093 431 3160 Dixit,
448 3105 476 3149 et
487 3093 614 3148 aduttum
625 3097 713 3152 oculus
725 3096 825 3150 diversa
837 3108 957 3163 tuentes,

369 3174 495 3245 Adspexit
506 3187 562 3230 toto
574 3178 700 3249 quidquid
714 3179 743 3233 in
755 3179 818 3232 urbe
831 3179 890 3233 tuit.

339 3261 394 3315 Pax
406 3271 478 3327 erat,
491 3273 518 3316 et
529 3268 609 3316 uestri
613 3303 619 3325 ,
635 3266 796 3327 Gammake,
809 3284 885 3320 eausa
895 3268 1029 3330 lnnmphr':

368 3342 526 3398 Tradiderat
535 3344 646 3401 samniae
656 3347 712 3416 jam
722 3346 770 3400 tibi
781 3351 886 3402 Rhenus
896 3366 988 3417 aquas,
1001 3360 1049 3402 ete

178 3463 340 3567 Equidem
356 3466 422 3564 jam
439 3466 481 3540 ab
498 3495 586 3541 annu
603 3472 645 3543 U.
662 3470 701 3544 C.
719 3488 925 3560 necantur,
943 3471 1113 3574 trimaphus
1128 3472 1185 3549 iile
1200 3476 1241 3550 de

182 3581 355 3656 Germania
374 3581 480 3657 eidem
495 3584 639 3687 principi
656 3584 806 3663 decretus
821 3589 946 3677 fuerat,
964 3606 1001 3664 ut
1017 3590 1088 3690 ipse
1103 3592 1243 3667 Tacitus

178 3716 254 3772 ante
273 3707 285 3736 ²
303 3717 489 3773 narraverat
503 3730 512 3773 ε
526 3729 562 3773 ac
578 3701 718 3802 proinde
735 3702 849 3778 saltem
866 3706 955 3779 haud
973 3711 1046 3781 ante
1062 3707 1163 3781 istum
1181 3737 1244 3782 an-

181 3845 260 3890 num
278 3816 376 3890 Furti
388 3816 523 3890 suerunt
538 3816 671 3915 vulgati.
689 3821 790 3919 Quod
807 3820 910 3896 etalii
927 3825 1126 3900 characteres
1143 3855 1243 3927 supra

212 3986 219 4014 ¹
235 3982 330 4036 annal.
342 3982 385 4035 tib.
398 3984 442 4050 lt,
455 3999 509 4052 cup.
524 3986 562 4050 4¹.

211 4062 223 4096 ²
239 4064 295 4118 lbid
315 4085 369 4134 cap.
384 4067 425 4118 26.
