2768 4694
154 292 219 406 res
478 341 517 404 r.
549 338 732 404 0v1n11
766 337 892 402 v1ra

152 494 257 552 canat.
276 477 408 551 Etenim
424 475 526 550 Trist.
542 475 604 549 lib.
621 478 680 562 lv,
698 474 751 549 El.
767 493 856 561 vttt,
871 501 953 548 vers.
970 472 1017 547 33
1034 492 1068 550 et
1082 472 1147 569 34,
1160 477 1220 549 ait:

317 623 446 693 Jamque,
459 627 544 676 decent
552 628 638 677 lustris
649 623 722 678 omni
732 623 788 678 sine
799 622 856 676 labe
865 627 991 690 peuces,
1059 650 1067 669 ε

348 716 426 770 Parte
437 734 545 785 premor
556 716 615 771 rita
626 715 756 770 deteriore
768 734 851 781 men,
864 724 912 770 ete.

153 833 267 932 Elegia
288 862 421 935 quoqne
440 856 596 908 tavers.
615 831 686 933 93:

314 983 377 1035 Jam
389 981 453 1035 mihi
467 987 585 1043 carrlr'es,
599 980 678 1052 pulsis
689 963 840 1035 melioribus
853 979 944 1045 annis,

354 1075 489 1139 Venerat,
501 1074 622 1142 antiquas
633 1073 824 1141 miscueratque
836 1089 941 1135 comm

316 1168 431 1235 Postque
443 1184 511 1218 meos
522 1175 591 1218 ortus
607 1164 689 1218 Pisea
701 1164 803 1217 vinetus
815 1163 894 1218 Oliva

347 1257 497 1311 Abstulerat
508 1261 592 1310 decies
606 1256 713 1326 praemia
724 1257 807 1309 vietor
818 1275 898 1325 eques
908 1277 914 1318 ;

318 1347 411 1417 Quum
424 1348 502 1400 maris
515 1346 610 1400 Euxini
622 1349 717 1417 positos
728 1347 760 1400 ad
775 1348 837 1400 laera
850 1349 968 1401 Tomitas

350 1438 479 1509 Querere
491 1454 535 1491 ane
547 1439 598 1492 lesi
609 1438 733 1509 principis
746 1439 783 1491 ira
795 1438 878 1507 jubet.

153 1555 300 1651 Tandem
319 1570 352 1629 et
368 1555 438 1628 Ibis
455 1555 575 1629 initio:

315 1704 432 1773 Tempus
443 1703 476 1758 ad
488 1703 538 1759 boe
548 1744 555 1769 ,
566 1707 654 1757 Iustn's
665 1703 720 1771 jam
730 1706 769 1757 δὴ
780 1700 846 1757 mihi
858 1709 965 1772 quinque
972 1705 1099 1770 peracti,

348 1793 439 1850 Omne
451 1795 500 1849 luit
511 1794 596 1850 Musa
607 1813 714 1850 carmen
727 1795 828 1849 inerme
840 1812 915 1848 rnen.

155 1909 301 2006 Scaliger
320 1920 328 1951 ¹
349 1932 457 1987 autem
475 1941 577 2014 quum
593 1931 668 1989 ante
683 1941 723 1988 ex
737 1913 812 2015 ipso
835 1928 907 1988 vate
923 1910 1081 2014 probasse
1099 1909 1164 1985 sibi
1176 1910 1224 1985 ri·

156 2026 304 2114 deretur,
322 2057 397 2103 eum
412 2058 498 2102 anno
509 2029 645 2104 Juliano
659 2048 739 2114 tw,
755 2027 791 2100 id
804 2046 875 2114 est,
894 2030 936 2100 U.
954 2030 991 2102 C.
1010 2025 1222 2117 mxima

155 2141 304 2216 exsilium
323 2169 392 2217 esse
409 2143 564 2230 missum,
591 2142 705 2218 addit:
727 2176 744 2208 «
760 2144 867 2217 Natus
883 2160 992 2216 autem
1006 2162 1051 2216 tlt
1067 2141 1221 2229 tuliano,

159 2294 177 2326 »
198 2261 372 2356 (horest,
391 2262 431 2334 U.
450 2264 487 2336 C.
506 2267 647 2354 nccxt).
666 2264 749 2359 Erat
764 2290 842 2355 ergo
857 2288 1019 2334 annorum
1035 2279 1085 2334 Ltt
1103 2258 1225 2337 solido·

161 2415 177 2446 »
198 2408 291 2467 rum,
312 2407 412 2481 quum
430 2381 568 2455 excessit
589 2407 627 2453 ex
652 2376 765 2461 ltalia,
791 2407 864 2479 quae
886 2396 964 2452 sunt
988 2380 1099 2453 desem
1122 2379 1226 2456 lustra

160 2529 177 2560 »
198 2496 365 2581 Romana,
383 2512 416 2568 et
433 2494 501 2570 ‹lno
519 2496 596 2570 anni
613 2509 785 2596 praterea,
802 2510 870 2567 xttt
884 2511 991 2567 autem
1006 2489 1223 2596 Olympiades

131 2627 135 2633 '
163 2645 178 2674 >t
199 2608 311 2685 solida
330 2641 337 2683 :
357 2609 433 2684 lieet
449 2608 632 2689 alibirlicat
654 2608 763 2683 decem
780 2608 883 2683 lustra
899 2607 1064 2709 olympica
1087 2606 1226 2685 fuissea

162 2759 177 2786 υ
196 2724 298 2799 natali
313 2754 390 2813 sno,
408 2752 512 2831 quoni
523 2724 742 2821 relegaretur,
759 2745 819 2800 etc.
836 2732 848 2763 ¹
866 2758 883 2790 o

207 2843 254 2913 At
281 2870 359 2917 vero
384 2841 521 2916 eximius
547 2842 597 2915 vir
619 2836 843 2915 litllucinatus
866 2857 934 2922 est,
963 2839 1039 2913 dum
1066 2842 1225 2929 assensit,

161 2956 317 3031 Ovidium
333 2957 434 3034 fuisse
452 2982 598 3031 annorum
620 2976 668 3031 tlt
694 2955 882 3041 solidorum,
907 2982 1010 3055 quum
1032 2955 1170 3029 excessit
1185 2982 1228 3029 ex

160 3073 264 3148 ltalia.
284 3076 368 3175 Nam
387 3074 514 3150 etiamsi
536 3093 635 3177 poeta
654 3102 742 3149 anno
760 3076 803 3147 U.
830 3074 867 3148 C.
888 3091 1031 3148 ucetxtt
1059 3071 1226 3149 desinente

193 3250 202 3278 ¹
218 3248 250 3303 tn
266 3247 361 3303 Euseb.
374 3249 475 3304 Chron.
488 3250 611 3307 Animad.
627 3271 683 3321 pag.
699 3252 753 3304 182.

192 3332 403 3406 ²lieprelrertdit
423 3340 593 3410 sequentffius
611 3330 695 3394 verbis
718 3338 865 3407 Ovidium,
887 3339 957 3409 quod
976 3337 1164 3411 Olympiadem
1183 3358 1230 3410 pio

161 3420 243 3474 lustro
254 3419 393 3490 Βοωαιιο,
405 3422 431 3474 id
444 3437 483 3481 est
493 3464 501 3490 ,
513 3425 630 3494 quinque
639 3425 714 3478 annis
725 3424 864 3492 absolutis,
876 3424 998 3477 sumserit
1009 3442 1015 3474 :
1025 3445 1038 3467 a
1048 3419 1122 3489 quasi
1133 3423 1232 3478 Noster

164 3529 176 3551 υ
191 3507 218 3560 id
228 3506 336 3576 nitidem
348 3509 480 3577 putaverit
490 3508 615 3577 dereptus
632 3508 742 3564 nomine
758 3513 946 3584 concupitur:
961 3522 1043 3576 quum
1060 3516 1152 3559 umen
1171 3532 1231 3564 eie-

164 3611 177 3633 »
191 3596 294 3660 ταιτηρὶς
306 3585 373 3642 dicta
385 3590 435 3654 sit,
450 3608 505 3642 non
518 3589 589 3659 quod
602 3590 718 3661 quinque
727 3589 802 3643 annis
813 3588 935 3644 absolutis
946 3599 1076 3642 constaret
1091 3628 1098 3653 ,
1114 3589 1161 3642 sed
1170 3591 1232 3661 quie

162 3693 176 3717 a
190 3674 284 3741 quinto
296 3690 400 3742 quoque
412 3694 482 3728 anno
495 3673 593 3728 rediret
604 3675 632 3728 in
642 3674 751 3740 orbem,
764 3682 811 3727 ete.
826 3697 839 3719 »
852 3670 950 3727 Atbec
962 3691 1035 3725 mera
1045 3672 1111 3726 mihi
1124 3671 1229 3727 ridetur

161 3758 303 3822 cavillatio;
324 3776 373 3811 nec
390 3757 456 3812 ullus
473 3758 583 3826 dubito,
603 3761 667 3830 quin
684 3757 784 3830 optimo
801 3759 873 3813 Naso
883 3757 1004 3822 noverit,
1019 3767 1082 3825 quot
1096 3774 1228 3811 annornm

161 3840 241 3894 luerit
253 3840 389 3914 Olympias
399 3880 407 3904 ‚
419 3851 496 3909 atque
509 3842 610 3897 licentia
624 3852 728 3896 tantum
743 3841 857 3911 poetica,
869 3845 1046 3908 praepararem
1064 3840 1135 3906 (vid.
1150 3858 1228 3909 supra

163 3942 189 3973 n.
203 3923 217 3974 3
237 3924 283 3978 inl.
304 3922 336 3976 ad
351 3939 452 3977 annum
468 3921 547 3976 Ovid.
560 3920 823 3991 nv1)illa'mlecisse,
841 3920 1067 3991 quemadmodum
1080 3931 1174 3985 vocat,
1197 3936 1229 3976 ex

163 4008 263 4071 Ponto,
275 4006 318 4059 lib.
329 4006 379 4073 1V‚
394 4006 442 4076 Ep.
453 4023 498 4070 vt,
510 4007 581 4059 utita
589 4005 711 4071 doceret,
723 4025 750 4059 se
764 4025 818 4059 non
831 4006 965 4076 vulgarem
974 4005 1117 4073 intelligere
1129 4002 1227 4073 Otym·

165 4088 284 4155 piadem,
299 4109 356 4158 quse
373 4107 402 4144 tv
415 4089 494 4143 modo
507 4109 639 4144 annorum
651 4099 724 4156 erat,
736 4089 780 4145 sed
795 4089 905 4145 lustrum
920 4090 1080 4143 Romanum.
