2768 4694
654 350 777 421 lats.

226 493 374 587 Deneget
389 488 531 565 adllatus
547 507 666 567 ventus
680 509 714 565 et
730 520 807 566 aura
824 520 913 568 suos.

177 609 244 681 Nec
263 605 325 679 tibi
342 604 400 678 Sol
418 603 546 693 clarus,
563 633 624 679 nec
641 605 686 679 sit
701 605 764 680 tibi
783 607 892 682 lucida
910 607 1056 698 Pboebe;

223 722 416 795 Destituant
435 719 552 795 oculos
570 720 678 794 sidera
696 720 783 797 clara
800 738 888 797 tuos.

177 839 245 911 Nec
260 867 294 911 se
311 838 502 924 Vulcanus,
520 866 580 912 nec
595 867 630 912 se
650 837 709 911 tibi
728 839 873 938 praebeat
887 867 963 913 aer:

226 956 294 1028 Nec
311 955 373 1030 tibi
390 956 446 1028 det
464 954 582 1043 tellus,
599 981 660 1028 nec
678 952 740 1028 tibi
758 973 883 1056 pontus
899 957 970 1030 iter.

178 1073 304 1160 Exsul,
320 1072 421 1174 inops
435 1101 537 1159 erres,
555 1060 725 1171 alienaque
742 1071 854 1146 limina
871 1072 1012 1162 lustres,

225 1190 465 1286 Exiguumque
482 1204 574 1286 petas
591 1215 647 1260 ore
663 1205 821 1262 tremente
838 1187 959 1262 cibum.

179 1306 249 1378 Nec
269 1331 391 1403 eorpus
410 1299 565 1402 querulo,
583 1328 642 1375 nee
660 1330 751 1377 mens
767 1322 858 1378 vacet
875 1333 960 1401 aegra
977 1303 1112 1395 dolore;

231 1420 372 1517 Noxque
389 1416 441 1490 die
455 1417 585 1512 gravior
598 1417 643 1490 sit
661 1417 744 1505 tibi,
762 1437 858 1492 nocte
876 1421 955 1495 dies.

181 1531 300 1632 Sisque
316 1531 412 1605 miser
429 1558 576 1634 semper,
593 1560 655 1605 nec
673 1533 719 1607 sis
736 1534 933 1609 miserabilis
948 1534 1029 1611 ulli:

232 1651 382 1724 Gaudeat
395 1650 540 1724 adversis
558 1650 681 1724 femina
697 1650 811 1751 virque
829 1653 905 1725 tuis.

180 1764 324 1838 Accedat
342 1763 494 1866 lacrymis
510 1764 643 1852 odium,
662 1764 848 1868 dignusque
866 1785 997 1867 putere,

124 1869 130 1881 ⁶
231 1882 299 1978 Qui
317 1881 418 1969 mala,
434 1910 537 1983 quum
555 1880 670 1956 tuleris
687 1882 846 1984 plurima,
864 1884 961 1986 plura
976 1885 1070 1962 feras.
1203 1924 1251 1961 ιι.

183 1999 316 2101 Sitque,
334 2000 425 2101 quod
440 2019 490 2075 est
506 2029 633 2088 rarum,
653 1998 753 2073 solito
771 1998 898 2076 defecta
913 2000 1026 2077 favore

231 2116 400 2189 AErumnae
417 2115 515 2189 facies
533 2113 698 2189 invidiosa
713 2131 789 2188 tnae.

185 2229 359 2328 Causaque
373 2257 443 2304 non
462 2229 564 2319 desit,
584 2229 670 2303 desit
687 2228 750 2303 tibi
764 2227 859 2328 copia
874 2231 1006 2306 mortis:

231 2347 392 2448 Optatam
403 2344 512 2443 fugiat
529 2345 593 2422 vita
610 2362 723 2420 coacta
740 2374 863 2420 necem.

183 2469 407 2565 Luctatusque
424 2463 481 2536 diu
501 2462 663 2537 cruciatos
679 2463 819 2564 spiritus
837 2480 927 2538 artus
979 2518 981 2523 -

233 2582 387 2667 Deserat,
404 2597 438 2653 et
455 2578 557 2672 longa
575 2595 728 2677 torqueat
746 2595 823 2651 aute
839 2604 939 2651 mura.

183 2699 365 2772 Evenient:
381 2695 472 2770 dedit
489 2695 559 2794 ipse
575 2694 657 2768 mihi
673 2694 774 2768 modo
792 2695 886 2790 signa
904 2692 1008 2767 suturi

236 2810 404 2896 Pbubus;
422 2827 489 2883 eta
507 2809 584 2883 lava
600 2825 717 2882 meesta
734 2807 856 2882 volavit
873 2808 951 2882 avis.

186 2927 285 3001 Certe
303 2953 381 3020 ego,
400 2953 472 3024 qnae
488 2953 610 3014 voveo,
626 2925 775 3025 Superos
791 2942 922 2997 motura
940 2924 1086 3026 putabo,

236 3042 367 3145 Speque
385 3059 449 3115 tuae
463 3042 599 3130 mortis,
615 3039 758 3142 perfide,
773 3067 901 3140 semper
918 3036 994 3112 alar.
1204 3063 1251 3115 tto

222 3221 275 3255 rto.
289 3202 379 3253 Sidera
390 3203 468 3253 clera.
482 3200 579 3251 Cuncta
591 3207 695 3266 prestat
777 3216 830 3264 ¹²7·
840 3198 970 3249 Eeem‘enl.
982 3194 1067 3250 Omni
1075 3195 1101 3248 in
1111 3215 1140 3250 re
1151 3196 1252 3268 agenda

185 3280 277 3349 reponi
285 3299 348 3332 cum
356 3277 438 3331 tribua
444 3276 546 3346 seriptis
555 3295 561 3327 ε
570 3294 632 3329 nam
641 3280 695 3330 cle·
741 3275 915 3327 observabant
928 3275 1041 3341 majores
1052 3277 1143 3344 signa,
1164 3295 1223 3346 quer
1237 3297 1253 3330 a

185 3377 229 3412 rus
240 3359 285 3411 tot
292 3368 458 3427 precesserat
471 3354 549 3424 paulo
561 3366 629 3410 ante.
641 3355 678 3407 fl.
742 3349 1046 3406 numinibusdarentur:
1056 3362 1084 3405 ut
1091 3352 1185 3407 autbis
1191 3372 1253 3407 con·

222 3438 537 3508 que‘ffnnsqoeputen's.
545 3436 632 3489 Petere
638 3453 695 3488 me·
742 3429 840 3483 firmati
851 3449 907 3483 rem
920 3430 1069 3484 inchoatam
1078 3431 1252 3500 pexlicerent,

186 3514 271 3568 liores.
743 3518 788 3560 aut
803 3509 934 3577 perterriti
950 3507 1112 3562 desisterent.
1125 3509 1254 3564 lneboato

221 3592 694 3661 122.For!unesac1'esieeidiosaetue.
742 3585 821 3656 igitur
843 3585 989 3640 devotionis
1013 3588 1153 3654 carmine,
1179 3586 1256 3656 fingit

187 3668 695 3741 &nrefflptiplurimicumJuxeti
743 3674 820 3734 poeta
839 3664 911 3718 Deos
929 3665 1002 3734 signa
1021 3664 1141 3732 dedisse,
1160 3663 1255 3733 quibua

189 3746 262 3800 libro.
744 3743 938 3813 portendebant
957 3746 1014 3815 ejus
1036 3744 1255 3816 imprecationem

228 3823 473 3894 xabCusaquenorr
482 3825 562 3885 desei,
576 3824 699 3875 desitte'be'
743 3821 802 3873 lore
817 3831 910 3874 ratam.

188 3906 267 3968 copia
281 3911 369 3958 mortis.
381 3904 461 3958 Juxta
473 3899 649 3972 Sophocleum
663 3901 696 3955 il·
780 3899 833 3952 nt.
845 3901 882 3951 Er
892 3919 910 3951 a
922 3903 986 3953 lesa
996 3911 1095 3954 mesra.
1108 3897 1172 3950 Caeli
1180 3912 1254 3969 parte

188 3978 236 4033 lud
252 3978 281 4030 in
300 3977 416 4050 Electra,
429 4000 495 4034 vera
510 3998 575 4033 roro
587 3998 594 4032 ε
606 3983 641 4035 Οὐ
652 3983 696 4054 γὰρ
743 3977 846 4032 sinistra
859 3997 866 4031 :
880 3981 912 4034 ab
922 3999 953 4034 ea
966 3980 1038 4033 enim
1052 3977 1180 4031 Romanis
1193 3999 1257 4050 pro-

190 4069 264 4113 oneo
276 4063 399 4125 ἴχύιπσν,
412 4059 461 4113 ἄλλ’
476 4063 527 4114 ὅταν
542 4069 617 4113 terim
628 4064 695 4134 xpi-
745 4078 820 4129 spera
829 4059 945 4129 auguria.
957 4059 1043 4112 Graiis
1053 4066 1080 4109 et
1092 4057 1213 4112 Barbarie
1224 4080 1254 4113 ea

191 4146 237 4200 ζων
252 4160 303 4204 ecc,
318 4143 371 4191 stra
383 4143 441 4201 pite·
453 4136 512 4191 αὕτ’
523 4142 565 4210 ἳχῃ
579 4143 663 4192 tacco.
743 4137 853 4192 meliora
869 4147 961 4202 erant,
980 4153 1039 4204 quer
1059 4155 1074 4189 a
1093 4135 1184 4192 dextra
1200 4137 1257 4190 ceeli
