2768 4694
479 375 533 443 IN
556 376 737 444 OVIDII
761 373 885 442 IBIN.
1173 381 1226 448 65·

157 557 178 590 u
199 538 371 596 tentatum.
391 515 505 615 llujus
522 513 664 588 libertus
682 511 745 586 suit
761 512 872 586 Julius
889 512 1081 602 Modestus,
1094 517 1130 590 iu
1149 537 1223 594 stu·

157 672 177 704 s
199 638 265 713 diis
280 654 376 737 atque
393 632 541 707 doctrina
560 629 698 724 vestigia
712 628 843 728 patroni
859 645 1002 702 secutus.
1020 663 1038 696 »
1058 633 1136 706 Haec
1147 632 1220 723 ille,

153 755 254 852 cujus
268 753 366 825 verba
384 747 561 844 diligenter
576 763 610 818 et
626 745 693 816 acri
709 743 834 842 judicio
853 769 1011 846 perpensa
1031 775 1102 821 non
1118 747 1222 827 levem

154 864 335 968 suspicioni
349 890 431 936 mere
447 889 560 934 ausam
573 857 720 958 praebere
733 856 895 930 ridentur.
911 859 1027 955 Quum
1043 861 1134 948 euim
1147 866 1220 966 Hy-

160 983 272 1076 giuum
290 977 415 1053 ovidio
428 973 719 1051 familiarissimum
737 972 839 1046 luisse
852 972 954 1059 dicit,
972 974 1032 1048 ubi
1054 978 1154 1052 modo
1171 981 1221 1057 vel
1331 985 1333 988 ’

157 1095 194 1169 in
222 1094 379 1169 omnibus
408 1091 584 1190 utriusque
605 1087 831 1162 monumentis
852 1106 950 1162 tautae
972 1093 1222 1173 necessitudinis

158 1208 337 1305 vestigium
352 1209 482 1281 exstat?
499 1205 639 1279 Ovidius
655 1204 696 1277 ad
713 1231 866 1291 uxorem,
885 1203 927 1276 ad
941 1206 1083 1297 Carum,
1101 1211 1142 1283 ad
1160 1214 1222 1285 Pe-

159 1321 299 1406 rillum,
314 1320 356 1393 ad
371 1322 530 1404 Brutum,
543 1317 586 1390 ad
602 1317 803 1402 Maximum,
818 1316 858 1388 ad
877 1318 1055 1408 Rufinum,
1070 1323 1114 1396 ad
1130 1324 1224 1399 Grae-

162 1436 296 1522 einum,
308 1436 350 1509 ad
364 1431 595 1520 Messalinum,
612 1433 653 1507 ad
666 1433 839 1520 Severum,
853 1432 894 1506 ad
907 1432 1075 1524 Flaccum,
1091 1438 1131 1513 ad
1143 1441 1223 1515 Ger-

162 1549 340 1634 manicum,
352 1549 393 1623 ad
405 1546 583 1633 Solanum,
598 1545 640 1619 ad
650 1544 817 1632 Atticum,
832 1545 873 1618 ad
886 1547 1035 1639 Cottam,
1049 1551 1090 1623 ad
1102 1555 1223 1642 Cotim,

161 1662 203 1736 ad
220 1662 396 1752 Suillium,
414 1661 457 1736 ad
474 1661 739 1748 Albinovanum,
757 1660 797 1734 ad
816 1659 1018 1750 Gallionem,
1035 1665 1075 1738 ad
1088 1668 1225 1744 Tutica-

162 1809 240 1855 num
258 1780 414 1883 epistolas
429 1780 550 1867 mittit,
566 1779 609 1852 ad
628 1777 798 1879 Hyginum
815 1807 891 1853 vero
909 1778 1044 1854 nullam.
1066 1785 1120 1857 An
1142 1787 1226 1863 forte

162 1894 216 1970 ille
233 1914 283 1971 est
300 1896 341 1969 ad
359 1924 457 1996 quem
475 1921 657 1997 suppresso
673 1893 808 1966 nomine
831 1895 929 1972 toties
952 1898 1093 1972 scribit?
1116 1907 1223 1979 neuti-

164 2040 272 2112 quam.
287 2008 456 2111 Hyginum
468 2009 553 2080 enim
566 2006 741 2080 admodum
752 2036 928 2109 pauperem
940 2012 1117 2088 decessisse
1125 2019 1226 2092 Tran-

164 2128 287 2231 quillus
296 2128 358 2215 ait,
369 2125 508 2200 alterum
521 2123 667 2208 divitem,
676 2121 905 2224 atqueopibus
915 2126 1137 2202 abundantem
1149 2132 1225 2208 suis-

165 2275 215 2334 se,
235 2249 325 2319 Naso
345 2242 465 2314 diserte
487 2237 637 2339 prodidit
654 2238 707 2311 his
729 2237 893 2324 versibus,
913 2270 996 2340 quos
1022 2244 1064 2315 ad
1086 2248 1226 2322 amicum

164 2357 385 2455 mittit,eujus
397 2381 519 2426 nomen
533 2350 685 2425 consulto
700 2353 862 2452 preterit,
879 2352 1042 2442 Tn'sttitm,
1058 2358 1117 2444 lV,
1128 2360 1179 2433 El.
1189 2382 1225 2434 v:

324 2500 366 2554 0!
378 2497 443 2551 milri
455 2496 564 2550 dilectos
575 2496 643 2548 inter
653 2515 706 2549 sors
720 2496 803 2564 prima
814 2495 925 2562 sodales,

356 2584 444 2638 Unica
456 2581 571 2635 fortunis
583 2599 626 2633 ara
636 2592 738 2650 reperta
749 2579 831 2643 meis,

329 2669 414 2738 Cujus
425 2668 457 2719 ab
467 2666 595 2734 adloquiis
606 2664 691 2719 anina
703 2665 758 2719 hmo
768 2664 926 2718 moribunda
937 2666 1040 2732 revixit,

360 2751 401 2803 Ut
411 2748 470 2818 vigit
480 2748 567 2801 inlusa
580 2747 683 2800 Pallade
695 2748 803 2802 flamma
814 2748 879 2802 solet
889 2771 896 2812 ;

335 2834 392 2903 Qui
403 2833 497 2887 veritus
508 2852 563 2886 uon
576 2852 603 2886 es
614 2843 705 2903 portus
716 2833 816 2903 aperire
828 2832 934 2901 fideles,

366 2915 487 2971 fulmine
496 2936 621 2987 percussa
632 2915 838 2984 conlegiumque
849 2917 898 2970 rati
910 2940 918 2981 ς

330 3001 416 3070 Cujus
427 3019 501 3053 eram
512 3020 588 3054 censu
601 3019 657 3052 non
669 3018 712 3052 me
722 3018 845 3054 sensurus
856 3013 995 3071 egentem,

359 3085 387 3138 Si
402 3083 492 3138 cesar
502 3085 596 3153 patrias
608 3081 744 3150 eripuisset
755 3100 823 3150 opes.

168 3205 293 3280 Deinde
309 3204 343 3276 in
360 3231 397 3276 ea
415 3199 555 3303 epistola
573 3227 670 3285 uxor,
688 3197 785 3273 liberi
802 3217 835 3273 et
852 3200 952 3276 frater
966 3203 1051 3302 ejus,
1069 3208 1110 3281 ad
1126 3239 1223 3311 quem

169 3322 286 3424 scripta
303 3337 371 3407 est,
390 3331 713 3402 commemorantur,
728 3344 867 3416 quorum
877 3318 1054 3394 Suetonius
1066 3377 1076 3409 ,
1089 3344 1226 3402 <caetero-

168 3439 305 3539 quinon
320 3436 520 3543 omissuros,
531 3428 654 3506 nullam
664 3431 861 3506 mentionem
872 3433 980 3509 habet.
996 3439 1228 3520 Unumautem

164 3571 196 3626 et
213 3551 362 3625 eumdem
380 3577 450 3624 esse
467 3545 713 3633 animadverto,
730 3544 772 3619 ad
785 3576 881 3648 quem
897 3551 1038 3626 Ovidius
1054 3556 1152 3631 tacito
1166 3590 1228 3632 no·
1299 3640 1304 3652 ‚

164 3664 255 3737 mine
262 3661 372 3736 literas
382 3664 503 3736 itemm
517 3677 616 3760 atque
629 3658 748 3733 iterum
762 3657 863 3734 dedic
876 3664 1020 3762 ipsemet
1033 3668 1118 3742 enim
1132 3673 1224 3744 testis

165 3794 233 3862 est,
251 3772 290 3844 de
306 3774 419 3859 Ponto,
435 3774 497 3849 lib.
517 3774 582 3862 tlt,
597 3771 689 3867 Eleg.
705 3789 764 3862 vt,
774 3771 834 3845 ubi
851 3773 1042 3853 familiarem
1055 3782 1226 3882 quemdam

165 3895 218 3967 his
237 3888 350 3964 verbis
367 3889 578 3992 adloquitur:
1220 3888 1221 3892 ¹

301 4060 305 4066 .
339 4019 397 4088 lpse
410 4003 473 4089 ego„
487 4017 558 4088 quod
569 4020 655 4088 primo
665 4015 753 4090 scripsi
761 4019 817 4074 siue
829 4023 937 4077 nomine
949 4027 1035 4090 vobis,

372 4102 425 4155 vix
437 4100 550 4158 moseri
561 4118 632 4170 posse
645 4102 709 4156 milri
721 4102 818 4157 videor.

287 4195 400 4263 VIII.
1006 4200 1025 4262 5
