2768 4694
420 371 517 439 rsa
542 373 575 437 s.
601 369 829 439 rressou.
1091 316 1186 464 217¹
1253 428 1281 472 .-

90 541 170 588 meu
187 511 356 597 observat,
380 509 537 584 Ovidium
556 508 591 580 in
609 508 768 609 triumphi
785 507 1004 609 descriptione
1019 536 1154 598 canere,

94 629 279 731 platearum
293 654 373 700 suro
391 625 545 699 silicesve
558 625 665 697 roratis
679 626 830 698 erubuisse
850 625 925 697 roste
939 639 961 696 ¹.
980 625 1076 697 Unde
1090 627 1155 726 ipsi

93 746 241 835 videtur,
265 771 393 818 vernum
417 742 524 814 satiem
543 742 619 813 unni
633 757 769 840 tempus,
796 742 826 814 si
843 769 903 813 nou
925 740 1055 826 oestotti,
1084 743 1157 816 sort

91 859 224 933 audiani
1016 926 1020 937 .

138 977 263 1048 Verum
292 984 338 1046 1⁰.
360 970 446 1046 nibil
465 988 516 1045 est
533 998 685 1056 neeesse,
709 988 748 1043 ut
764 969 921 1044 Ovidium
946 971 1029 1044 adeo
1045 970 1157 1045 stricte

93 1091 130 1165 de
143 1091 219 1164 rosis
232 1090 338 1190 ipsis,
354 1086 404 1161 rel
418 1087 527 1161 vernis
538 1142 546 1172 ‚
559 1084 607 1158 rel
621 1087 759 1173 aestivis,
774 1087 1040 1187 interpretemur;
1054 1116 1156 1186 quum

92 1207 200 1307 possit
211 1206 252 1279 de
258 1203 394 1306 floribus
406 1205 572 1297 ingenere
589 1202 745 1296 intelligi,
762 1203 1038 1302 quemadmodum
1051 1204 1154 1279 Trist.

93 1320 413 1416 lib.lV,Eleg.11,
437 1317 476 1393 de
493 1318 703 1419 Triumpho,
722 1348 818 1420 quem
840 1318 880 1393 de
901 1319 1075 1393 Germania
1097 1348 1153 1394 au-

95 1436 296 1530 gurabatur,
312 1461 448 1520 canens,
465 1433 512 1505 ait
528 1460 610 1505 vers.
631 1431 765 1532 47-50:

256 1582 314 1636 llos
323 1600 400 1651 super
410 1581 438 1634 in
450 1576 545 1645 custo,
560 1579 659 1642 Cesar,
672 1581 770 1634 victore
781 1580 882 1635 veheris

287 1674 439 1743 Purpureus
451 1672 541 1742 populi
553 1673 601 1724 rite
614 1691 717 1741 perora
729 1673 783 1736 tui;

251 1765 362 1836 Quaque
374 1765 438 1830 ibis,
450 1764 572 1817 manibus
584 1763 805 1834 circumplaudere
818 1774 942 1831 tuorum,

282 1855 409 1926 Undique
423 1856 590 1925 jactatofiore
600 1865 704 1924 tegente
715 1855 775 1908 rias.

94 1996 140 2057 2⁰.
162 1984 261 2058 Ilosoe
274 1981 409 2059 suerunt
425 2011 492 2057 non
513 1982 615 2057 modo
639 2011 743 2057 vernae
759 1991 794 2057 ae
817 1983 952 2072 aestiva,
969 1983 1025 2057 sed
1043 2001 1076 2058 et
1090 1983 1149 2090 ly-

93 2098 207 2183 bemoe,
229 2127 301 2198 quae
319 2098 369 2172 vel
383 2128 423 2173 er
436 2100 587 2203 AEgypto
600 2097 848 2184 adferebantur,
868 2096 917 2172 vel
933 2098 966 2170 in
985 2098 1055 2199 ipsa
1070 2099 1152 2171 urbe

94 2215 195 2288 Roma
207 2213 449 2301 educabantur,
460 2215 507 2288 uti
519 2212 570 2287 vel
583 2242 622 2288 ex
633 2215 779 2287 Murtrirli
786 2232 892 2313 patet,
907 2213 964 2287 lib.
979 2217 1038 2303 lv,
1049 2217 1148 2316 Epig.

93 2352 196 2418 rxrx3
216 2332 273 2404 lib.
292 2333 362 2416 Vl,
381 2331 478 2431 Epig.
498 2353 604 2420 mxx,
622 2348 656 2405 et
672 2330 728 2404 tib.
748 2333 851 2416 XIII,
869 2331 968 2433 Epig.
986 2348 1121 2404 crrvrr.

134 2447 294 2519 Praeterea
306 2443 389 2517 illud
403 2465 646 2539 argumentum,
658 2475 727 2546 quo
745 2443 1019 2545 Bucherius'ipse
1034 2445 1149 2517 trium·

90 2559 150 2657 pbi
177 2587 297 2632 annum
322 2557 515 2645 confirmat,
532 2557 619 2634 illam
636 2586 770 2661 quoque
791 2555 855 2631 loci
873 2557 1028 2631 Ovidiani
1046 2557 1148 2628 inter-

90 2674 306 2776 pretationem
324 2674 488 2750 conrellit.
509 2710 525 2739 «
546 2676 793 2762 Germanicum,
811 2675 858 2749 ait
875 2673 916 2747 el.
930 2675 999 2762 rir,
1016 2674 1149 2747 nonnisi

95 2825 111 2853 υ
130 2803 241 2862 exacto
262 2790 416 2862 consulatu
436 2789 558 2890 (quem
579 2789 698 2865 scilieet
722 2791 788 2865 boe
813 2818 899 2863 anno
927 2788 1086 2882 gerebat)
1111 2788 1145 2862 iu

93 2943 109 2974 u
133 2906 271 2982 Galliam
293 2908 539 2982 Germaniamve
560 2904 722 3003 Belgicam
743 2909 784 2984 ab
812 2911 963 3005 Augusto
987 2908 1143 2997 missum,

94 3028 253 3103 »adserit
275 3027 455 3102 Suetonius
479 3025 585 3121 Calig.
613 3054 684 3128 cap.
701 3027 734 3100 8.
764 3029 934 3124 Quorsum
959 3016 1028 3100 tam'
1046 3031 1146 3102 sero?

94 3174 109 3204 o
130 3142 203 3216 Nisi
222 3141 313 3241 qnod
332 3157 401 3214 tum
416 3142 560 3241 primum
575 3139 730 3216 Tiberius
747 3170 765 3215 a
785 3142 957 3216 Germania
972 3142 1144 3231 rediisset,

94 3290 110 3320 »
127 3258 166 3332 de
182 3258 362 3331 Pannoniis
371 3256 596 3358 Delmatisque
611 3256 742 3332 demum
751 3258 999 3361 triumphasset,
1009 3260 1144 3361 ejusque

94 3406 109 3435 »
127 3374 294 3473 triumpho
320 3374 534 3449 Germanicus
559 3391 638 3449 tune
662 3373 777 3449 consul
805 3375 1021 3462 interfuisset,
1040 3396 1102 3451 etc.
1125 3411 1140 3440 »

90 3489 154 3561 Nec
171 3519 245 3564 saue
260 3491 390 3565 videtur
401 3491 556 3566 Tiberius
566 3489 718 3591 potuisse
730 3482 906 3565 exereitum
918 3492 953 3565 in
970 3491 1142 3567 Germania

90 3601 270 3678 adhucdum
279 3605 458 3681 rebellante
469 3608 539 3682 sine
552 3606 633 3681 duce
642 3605 838 3708 relinquere,
848 3626 1021 3709 antequam
1030 3607 1142 3705 cupias

90 3716 122 3789 in
138 3716 272 3791 hiberna
288 3719 483 3796 deduxisset.

135 3832 281 3906 Tandem
297 3863 395 3933 quum
410 3835 552 3912 Ovidius
567 3865 730 3940 nusquam
743 3839 838 3915 istius
851 3835 1010 3936 triumphi
1026 3834 1141 3906 memi-

121 4033 127 4063 ¹
148 4030 203 4082 Lib.
217 4029 242 4082 ll
255 4050 286 4082 ex
298 4031 375 4084 Pont
386 4031 433 4102 Ep.
448 4048 548 4099 1‚vers.
560 4035 599 4087 36.

118 4125 129 4154 ²
146 4123 216 4192 Belg.
231 4121 308 4177 Rom.
323 4122 367 4176 lib.
379 4121 436 4194 111,
448 4143 503 4194 cap.
514 4127 529 4180 3
539 4163 547 4193 ,
558 4125 580 4195 S.
591 4128 614 4181 8.
