2752 5136
475 775 512 838 P.
546 775 731 842 OVIDII
758 773 886 839 VITA

363 933 494 988 Exciderit
507 945 609 989 tentum
622 956 656 989 ne
669 936 715 990 tibi
729 954 790 991 cura
803 935 855 987 mei
870 955 876 986 :

314 1024 405 1094 Quem
418 1035 447 1079 tu
459 1026 500 1080 vei
512 1026 582 1103 longi
595 1027 674 1083 debes
685 1026 845 1082 convictibus
857 1025 920 1092 evi,

343 1118 395 1171 Vel
407 1137 463 1172 nea
474 1119 545 1189 quod
557 1122 651 1190 conjnx
663 1139 718 1173 non
732 1124 817 1172 aliena
828 1119 882 1172 tibi.

151 1260 241 1335 tdem
251 1259 334 1335 etde
343 1261 430 1358 Rau
440 1261 598 1336 discimus
608 1289 647 1336 ex
660 1261 711 1337 Et.
724 1282 762 1337 xt
772 1259 916 1362 ejusdem
924 1260 1015 1349 iibri,
1024 1289 1072 1335 vs.
1091 1261 1207 1335 1318:

312 1431 413 1501 Sponte
426 1432 551 1501 quidem,
566 1453 613 1503 per
622 1453 702 1503 seque
714 1454 769 1486 mea
779 1444 818 1487 est
831 1428 965 1485 laudabilis
976 1450 1056 1497 aron

345 1522 491 1578 Admonitu
506 1524 600 1578 metior
611 1523 641 1578 fit
653 1535 742 1577 tamen
755 1524 798 1577 itta
813 1534 867 1577 tuo.

316 1615 438 1684 Namque
453 1616 522 1686 quod
537 1617 698 1671 Hermiones
712 1615 807 1670 Castor
818 1614 884 1682 fuit,
899 1614 1001 1668 Hector
1012 1614 1078 1680 luti,

347 1705 407 1759 Hoc
420 1724 469 1773 ego
481 1716 507 1760 te
520 1705 593 1759 letor
605 1708 720 1773 conjugis
733 1725 786 1759 esse
798 1721 877 1769 anm

317 1794 400 1862 Qua,
414 1814 448 1848 ne
461 1793 589 1847 dissimilis
601 1796 648 1848 tibi
659 1797 692 1847 sit
704 1795 849 1863 probitate,
862 1794 977 1860 laborat,

346 1884 434 1953 Seque
446 1889 486 1937 tui
495 1884 547 1936 vita
557 1890 689 1951 sanguinis
701 1903 755 1937 esse
768 1884 877 1952 probat:
911 1883 921 1899 ⁶

151 2027 238 2102 unde
263 2023 370 2126 palam
382 2022 444 2112 iit,
462 2024 581 2124 Rusmu
608 2023 709 2099 fuisse
729 2025 829 2124 hujus
848 2026 951 2100 tertie
971 2027 1084 2101 uxoris
1101 2029 1212 2101 Ovidii

150 2141 352 2224 avunculum,
374 2137 650 2239 quemadmodum
666 2141 832 2214 avunculus
847 2159 917 2214 erat
933 2141 1111 2215 Hermiones
1131 2143 1215 2217 Cas·

151 2282 215 2348 tor,
235 2260 286 2332 uti
299 2276 333 2332 et
345 2258 418 2331 Iuli
426 2258 560 2330 Hector.
576 2257 709 2331 Etenim
725 2258 890 2332 llennione
904 2258 971 2333 filia
988 2258 1052 2334 fnit
1063 2260 1210 2348 Heleno,

152 2407 224 2478 quae
242 2406 336 2450 soror
354 2375 489 2449 Custon's
502 2391 534 2446 et
545 2373 702 2461 Pollucis,
721 2405 759 2450 ex
772 2376 864 2451 Leda
878 2407 981 2453 uxore
997 2379 1153 2479 Tyndari.
1166 2383 1218 2453 lta·

152 2492 246 2564 Iulus
256 2491 345 2566 filius
363 2507 431 2563 erat
443 2491 554 2563 AEueae
568 2518 605 2563 ex
623 2489 753 2576 Creusa,
773 2493 895 2566 Priami
908 2492 990 2581 filia,
1011 2511 1042 2566 et
1061 2494 1214 2569 Hectoris

152 2635 276 2681 sorore.
295 2606 424 2680 Idcirco
441 2605 509 2678 haec
526 2605 669 2680 Nasonis
685 2635 769 2679 uxor
785 2626 922 2682 matrem
937 2608 1055 2682 habuit
1071 2610 1152 2706 Rufi
1161 2638 1213 2684 so-

152 2750 270 2796 rorem.
287 2722 496 2796 Fundisvero
508 2722 612 2820 Rufus
622 2722 683 2797 iste
696 2720 770 2810 fuit,
781 2741 820 2796 ut
835 2723 885 2798 Et.
897 2725 953 2798 fin.
968 2728 1091 2799 Noster
1102 2725 1210 2799 docet:

317 2894 433 2948 Maxima
446 2898 563 2948 Fundani
575 2893 672 2964 gioria,
686 2894 783 2961 Rure,
797 2901 854 2949 soli.

202 3043 322 3114 Fuerat
345 3038 413 3110 hacc
431 3036 543 3112 Ovidii
569 3039 663 3109 tertia
687 3038 806 3135 conjux
823 3056 898 3112 aute
912 3037 1006 3111 alteri
1023 3057 1130 3140 nupta
1145 3069 1211 3114 ma·

153 3161 236 3244 rito,
254 3186 293 3230 ex
310 3186 377 3257 quo
392 3155 492 3229 filiam
510 3172 701 3254 pepererat,
720 3185 817 3255 quam
833 3175 948 3257 postea
966 3155 1109 3244 Suillius,
1134 3161 1211 3234 Ger·

152 3274 272 3350 manici
285 3274 423 3346 Caesaris
434 3297 562 3356 comes,
581 3271 692 3361 duxit,
709 3301 746 3345 ex
760 3275 885 3363 Ponto,
896 3273 956 3349 lib.
970 3278 1029 3365 lV,
1045 3280 1108 3380 Ep.
1123 3296 1210 3361 v111,

152 3417 233 3464 vers.
253 3415 295 3488 9·
302 3414 342 3459 12
357 3417 365 3459 ι
455 3476 464 3495 ⁴

313 3560 330 3612 J
333 3580 362 3613 us
374 3557 479 3628 aliquod
489 3556 589 3613 iaciunt
601 3558 691 3631 affieri
701 3563 804 3613 munla
814 3558 889 3613 uobis
898 3601 906 3627 ‚

348 3651 416 3719 Quae
428 3667 532 3718 semper
543 3647 833 3713 maneantiilabeiacta,
845 3667 946 3717 precor.

318 3742 386 3796 Nam
398 3737 444 3792 tibi
456 3758 514 3808 qun
526 3740 637 3808 conjux,
650 3737 744 3792 eadem
756 3739 885 3808 mihifilia
891 3761 967 3807 pene
977 3755 1031 3796 est:

346 3833 382 3885 Et
393 3850 451 3901 que
463 3842 487 3885 te
498 3852 614 3900 gererem
626 3873 633 3895 ,
655 3849 698 3884 me
709 3843 784 3886 vocat
796 3831 839 3886 itta
851 3838 945 3898 virum,
963 3846 1011 3888 etc.

202 3973 304 4073 Quod
320 4002 421 4074 porro
435 3975 557 4048 Noster
570 3974 610 4046 de
620 4002 678 4047 sua
691 3974 865 4072 subjungit
878 3973 959 4064 filia,
977 3992 1154 4077 postquam
1169 3980 1209 4053 de

153 4091 222 4167 suis
230 4090 429 4190 conjugibus
437 4109 639 4179 narraverat,
651 4090 842 4185 ambiguum
854 4090 970 4181 efficit,
980 4120 1044 4193 qua
1056 4121 1095 4167 ex
1108 4121 1209 4171 uxore

153 4237 224 4285 eam
240 4206 409 4305 genuerit,
427 4205 528 4315 Trist.
548 4204 606 4280 tib.
626 4208 686 4295 lv,
703 4202 795 4301 Eleg.
815 4228 855 4297 x,
871 4237 952 4285 cers.
974 4209 1021 4309 75.
1034 4228 1066 4284 et
1086 4209 1155 4310 76:

314 4380 382 4441 tritu
392 4378 431 4431 bis
443 4379 527 4446 prima
540 4396 595 4430 mea
605 4395 648 4430 me
659 4375 782 4457 icecunda
794 4380 913 4449 juventa,

345 4467 397 4524 Sed
411 4487 464 4522 non
477 4486 508 4521 ex
520 4486 573 4520 uno
586 4467 696 4538 conjuge
708 4508 716 4536 ,
729 4469 791 4523 iecit
803 4490 887 4524 avum.
