2768 4694
162 325 224 391 282
491 319 891 387 DEDICATIONES

158 457 246 553 genii
266 484 305 530 ac
323 454 492 532 suavitatis
510 458 714 558 scriptuml)
736 458 875 532 imitatio
893 457 1083 533 affectuum·
1095 458 1132 532 in
1152 460 1232 561 qui-
1294 534 1296 543 ,

158 575 223 647 hus
240 599 368 672 semper
390 591 524 666 regnat,
547 573 582 645 in
599 575 761 648 Amorum
784 574 899 662 libris,
918 574 1014 670 rigor
1028 572 1230 652 etluxun'es

154 691 274 776 beata,
300 716 373 788 qua
389 687 538 762 futurum
556 689 698 790 spondet
714 709 860 790 quantus
878 692 1007 765 tandem
1024 693 1177 781 exstitit;
1193 695 1229 769 in

157 809 238 879 Arte
261 832 299 877 ac
323 802 483 877 Remedio
508 803 660 891 Amoris,
689 805 885 906 disponendi
903 826 947 881 'ac
965 807 1226 899 dicendiratio,

157 920 355 1016 gravissime
376 921 567 1025 sententie,
593 920 819 1010 narrationes,
850 950 888 996 ac
916 950 1108 998 communes
1138 924 1225 1014 loci,

155 1066 332 1137 quoscum
349 1037 489 1111 maxima
509 1037 700 1112 dexteritate
728 1064 766 1111 ac
790 1037 996 1135 jucunditate
1018 1038 1161 1129 inserit3
1189 1041 1224 1115 iu

156 1155 498 1230 Trausformationum
520 1154 636 1242 libris,
662 1173 780 1257 praeter
799 1154 868 1231 alia
892 1182 960 1229 non
980 1183 1107 1256 pauca,
1134 1184 1225 1233 sarm·

158 1301 247 1345 mum
264 1271 377 1355 orbis,
396 1272 464 1344 sive
480 1271 580 1371 cycli,
603 1299 701 1372 quern
718 1290 915 1373 perpetuum
932 1273 1101 1363 contexit,
1118 1274 1224 1349 artifi-

156 1387 262 1483 cium,
292 1387 471 1473 facundia,
496 1416 533 1460 ac
558 1387 708 1476 candor,
737 1386 897 1489 quantum
921 1412 980 1462 sna
1003 1416 1042 1463 nc
1066 1378 1224 1490 peculiari

154 1502 265 1576 indole
276 1500 456 1589 excellunt,
476 1519 604 1576 tantum
617 1503 864 1578 admirationem
877 1521 911 1578 et
924 1504 1096 1600 ingenium
1109 1500 1224 1605 cnjus-

157 1646 224 1717 que
240 1617 411 1692 excedunt.
429 1619 475 1693 Et
490 1617 635 1720 ubique,
648 1637 738 1720 quot
753 1620 974 1707 narrationes,
999 1619 1222 1694 tot'Sirennm

157 1737 283 1810 cantica
300 1762 337 1810 ac
354 1736 603 1824 voces‚·habes.
618 1738 927 1837 Nemopoctarum,
945 1752 1133 1833 argumenta
1149 1756 1222 1831 gra·

157 1849 266 1936 viora,
287 1850 376 1949 quod
392 1878 430 1924 ex
446 1850 488 1926 iis
505 1878 577 1952 quoe
590 1849 786 1925 interierunt
797 1868 906 1953 patet3
919 1849 1151 1925 nemo‘leriora
1162 1867 1222 1923 ant

156 1962 350 2051 humiliora,
369 1965 555 2040 exornanda
582 1965 648 2039 sibi
675 1966 805 2041 sumsit.
830 1964 1002 2040 Neminem
1029 1965 1221 2041 dexteritate

155 2077 255 2153 simili
265 2098 428 2155 versatum
444 2082 479 2153 in
496 2080 662 2181 utrisque,
677 2079 776 2154 fidem
791 2081 996 2182 faciuntprae
1009 2080 1135 2156 ceteris
1148 2108 1219 2182 quae

155 2213 294 2272 exstant.
314 2196 368 2272 Ad
381 2196 644 2298 philosophiam,
659 2196 753 2296 cujus
769 2197 887 2273 (luanus
903 2220 1067 2273 omnesne
1081 2197 1218 2274 familias

156 2314 325 2404 lustrarat,
343 2333 402 2391 ant
416 2316 651 2390 mathematnm
666 2316 838 2405 scientias,
857 2347 960 2418 quum
975 2317 1096 2392 transit
1107 2317 1158 2391 vel
1172 2317 1219 2391 di·

156 2433 275 2519 vertit,
295 2460 363 2534 quo
388 2432 581 2508 obscuriora
597 2448 675 2505 sunt
692 2459 765 2532 quae
782 2431 894 2519 docet,
913 2460 953 2505 eo
969 2432 1080 2506 minus
1097 2433 1217 2517 haeret,

156 2546 260 2643 magis
276 2546 413 2621 candide
428 2575 466 2621 ac
483 2545 674 2647 simpliciter
690 2545 826 2645 exponit
846 2544 1005 2645 quicquid
1024 2544 1144 2621 didicit
1165 2562 1221 2620 aut

158 2662 252 2737 docet
264 2694 270 2736 :
284 2691 361 2738 narn
377 2664 411 2736 in
428 2692 465 2737 ea
481 2681 589 2763 parte,
607 2661 875 2761 quammnralem
894 2662 1026 2749 dicunt,
1041 2663 1089 2735 ita
1106 2664 1220 2738 creber

159 2795 209 2851 est
227 2797 285 2851 aut
302 2795 407 2865 totus,
423 2794 461 2851 nt
473 2775 603 2851 oracula
616 2777 741 2879 ubique
754 2777 796 2850 ad
807 2777 905 2851 vitam
916 2778 1102 2852 'necessaria
1117 2779 1221 2852 ellim

158 2893 215 2966 dat
229 2923 237 2963 ε
251 2919 358 2991 neque
371 2893 440 2966 sine
456 2919 552 2966 nausa
567 2893 708 2967 Ethicen
721 2920 760 2966 ex
776 2893 847 2990 ejus
860 2893 991 2992 scriptis
1006 2891 1142 2992 quidam
1152 2893 1220 2990 jam

158 3008 353 3082 formarint:
368 3034 495 3107 semper
505 3010 557 3081 sul
570 3007 706 3094 similis,
723 3025 781 3080 ant
792 3009 913 3106 major;
932 3009 1030 3081 etiam
1039 3024 1133 3080 secate
1144 3003 1218 3093 illa,

158 3154 224 3227 qua
242 3124 395 3198 nonnulli
416 3124 595 3212 desinnnt,
622 3142 679 3197 aut
699 3122 865 3220 languent
892 3128 940 3197 Ut
957 3123 1219 3213 secunditatem,

158 3271 257 3344 qnam
268 3239 432 3316 licentiam
442 3239 596 3315 nonnulli
609 3259 667 3315 aut
681 3240 847 3317 lasciviam
861 3242 1029 3330 dixerunt,
1045 3240 1223 3318 infelicitas

157 3373 263 3457 poetae
280 3373 337 3428 aut
361 3373 511 3431 senectus
529 3357 729 3451 castigasse,
742 3357 932 3430 suavitatem
951 3357 1048 3430 ctiam
1067 3357 1222 3445 auxisse,

159 3471 314 3546 videatur.
325 3473 429 3570 Quod
438 3472 473 3546 in
482 3470 578 3546 libris
586 3471 758 3561 Tristinm,
766 3489 800 3545 et
812 3500 897 3572 quos
907 3472 947 3546 de
957 3473 1066 3546 Ponto
1076 3472 1223 3572 scripsit,

160 3589 268 3689 quiris
285 3589 382 3663 ridet.
403 3592 442 3663 ln
455 3589 578 3688 quibus
591 3587 716 3663 cultum
730 3590 788 3691 qui
801 3588 1002 3676 desiderant,
1013 3586 1222 3686 judicinmin

160 3705 223 3779 hoc
238 3703 362 3801 jndicio
380 3701 556 3777 desiderari
572 3702 670 3776 etiam
686 3731 706 3775 a
721 3702 819 3776 nobis
836 3703 1002 3804 patientur
1017 3731 1025 3774 ε
1040 3728 1146 3802 quum
1164 3726 1222 3774 ne·

161 3850 225 3922 qne
237 3823 302 3897 hoc
315 3837 495 3923 spectaret,
513 3820 566 3893 cui
580 3820 660 3893 satis
673 3836 775 3906 esset,
789 3818 873 3892 nihil
888 3836 1050 3918 ostentare
1063 3818 1097 3890 in
1110 3817 1221 3903 luctn;

158 3968 266 4041 neque
285 3939 392 4014 cultus
410 3964 537 4037 semper
559 3938 648 4013 ab'sit
671 3937 816 4038 quinon
839 3955 1030 4013 ostentatur.
1061 3938 1130 4033 Qui
1152 3962 1219 4009 non

162 4057 252 4130 deest
272 4057 308 4128 in
327 4055 380 4129 his
403 4052 516 4143 libris,
533 4054 591 4127 sed
611 4053 812 4157 simplicitati
833 4084 869 4129 ac
887 4053 1039 4139 candori,
1058 4054 1123 4127 hoc
1148 4067 1218 4131 est,
