2768 4694
163 351 226 417 150
488 351 527 414 P.
553 350 730 418 OVIDII
754 350 885 418 VITA

158 486 290 566 lndueit
306 505 543 590 nempepoeta
561 488 755 591 quemdam,
780 489 838 589 qui
864 516 938 561 eum
965 481 1057 563 velut
1079 489 1115 562 iu
1143 491 1224 567 Arte

159 603 300 693 Amaudi
312 605 505 702 magistrum
522 624 665 682 sectatus
678 607 785 708 ipsius
798 633 896 707 opera
913 606 1038 681 ceteris
1053 606 1224 698 iudicarit,

158 721 236 796 bine
252 720 404 823 inprimis
420 722 603 822 aperuerit,
620 720 772 797 Herodes
782 721 826 794 ab
839 746 878 795 eo
888 720 1101 801 concinnatas
1111 752 1122 812 ;
1133 727 1225 826 quod

156 836 232 913 aliis
247 867 344 912 verus
357 854 474 914 auctor
488 838 606 914 suisset
621 838 765 934 ignotus.
787 835 911 911 Consu
927 837 1108 913 versiculos
1125 869 1225 944 supe-

158 953 229 1028 rius
244 982 279 1027 u.
301 979 341 1026 11
360 952 540 1055 appositos.

206 1070 264 1141 IV.
284 1069 356 1143 Abs
375 1097 413 1143 re
428 1069 580 1144 nouerit
603 1084 639 1142 et
663 1066 717 1140 hic
742 1065 952 1154 observasse,
973 1095 1046 1168 quae
1067 1069 1136 1142 Dio
1158 1079 1167 1108 ¹
1186 1070 1226 1142 ad

160 1186 249 1258 bunc
270 1213 392 1261 aunum
418 1184 457 1258 de
480 1185 584 1259 Livia
605 1183 727 1284 porticu
744 1180 858 1270 tradit,
879 1182 973 1282 cujus
988 1186 1079 1259 Naso
1095 1187 1131 1260 in
1144 1191 1228 1262 Arte

159 1302 340 1386 Arnuton'u,
362 1328 421 1374 eeu
436 1300 505 1398 jam
516 1297 719 1375 exaedificatae
736 1297 905 1386 meminit;
924 1299 1087 1400 siquidem
1100 1320 1134 1376 et
1150 1303 1228 1377 bine

159 1417 266 1521 palam
276 1419 348 1506 fiet,
366 1421 531 1493 Nasonem
542 1445 610 1490 uon
620 1416 683 1489 nisi
696 1435 776 1516 post
786 1415 856 1489 baee
869 1434 1018 1519 tempora
1027 1445 1097 1493 eam
1109 1421 1228 1521 Artem

161 1561 231 1607 esse
247 1532 409 1608 molitum.
427 1532 617 1608 Historicus
637 1530 739 1628 igitur
762 1531 817 1612 ille
838 1532 982 1622 nobilis,
1001 1563 1103 1636 quum
1127 1536 1233 1611 Vedii

160 1648 312 1724 Pollionis
324 1641 482 1736 mortem,
499 1666 531 1722 et
548 1678 619 1750 qnae
631 1649 787 1744 Augusto
799 1646 937 1750 aliisque
951 1647 1129 1746 legaverat,
1146 1680 1229 1727 nar-

161 1765 317 1854 ravisset,
335 1762 427 1839 addit
446 1794 454 1836 :
477 1798 493 1829 ιι
513 1763 686 1876 Jussitque
702 1764 878 1862 (Vedius)
894 1782 932 1838 ut
949 1763 1073 1867 populo
1088 1767 1228 1870 perpul-

162 1915 181 1948 »
201 1881 316 1955 chrum
338 1909 426 1982 opus
445 1898 635 1955 strueretur.
661 1880 743 1978 Ejus
760 1880 868 1982 operis
885 1879 1024 1957 saeieudi
1044 1902 1227 1985 pretextu,

163 2033 182 2065 »
200 2027 236 2072 re
252 2017 360 2071 autem
378 2025 470 2082 vera,
500 2025 542 2069 ne
562 1996 652 2095 quod
673 1995 770 2070 Vedii
793 1997 828 2070 in
853 1998 937 2072 urbe
952 2017 1093 2075 exstaret
1107 2029 1228 2100 moun-

163 2146 181 2180 »
200 2132 370 2200 mentum,
396 2131 498 2185 tunm
525 2109 688 2184 Pollionis
712 2111 863 2187 funditus
889 2115 1006 2188 evertit
1025 2117 1224 2213 Augustus;

165 2261 183 2294 u
201 2246 300 2328 atque
317 2227 538 2324 PQttTlctJibi
555 2228 795 2317 circumducta,
810 2257 877 2303 non
893 2228 1072 2318 Pollionis,
1091 2233 1150 2307 sed
1165 2235 1225 2308 Lt-

165 2377 184 2410 »
204 2363 281 2419 vttt
305 2372 427 2417 nomen
452 2343 720 2447 inscripsit'Sed
745 2344 814 2419 baee
835 2347 1076 2446 posterioribus
1104 2349 1224 2446 (NR)

164 2496 182 2527 a
202 2460 410 2561 temporibus
426 2460 509 2535 lacta
526 2479 613 2536 sunt.
633 2495 649 2525 »
675 2462 817 2536 Ovidius
831 2481 939 2538 autem
955 2465 1101 2540 eamdem
1116 2468 1224 2568 porti·

162 2606 236 2652 eum
259 2574 349 2650 velut
368 2576 435 2675 jam
456 2593 675 2650 constructam
699 2595 858 2650 memorat
873 2578 945 2652 Art.
966 2581 1074 2652 Amat.
1105 2581 1163 2655 lib.
1185 2586 1222 2670 l,

162 2723 245 2770 vers.
269 2719 310 2793 7¹
331 2710 364 2766 et
381 2719 447 2793 72:

323 2841 380 2894 Nec
389 2839 436 2892 tibi
445 2837 557 2902 vitetur,
568 2799 627 2908 quum
637 2838 727 2907 priscis
739 2859 826 2910 spana
837 2840 951 2908 tabellis,

353 2932 470 2983 Porticus
481 2928 594 2982 auctoris
606 2929 682 2982 lr'nh
694 2949 794 2984 nomen
807 2929 892 2984 babet

51 3111 60 3137 ,
162 3049 216 3124 Sic
231 3065 264 3123 et
282 3045 341 3120 lib.
358 3047 427 3134 ΙΙΙ,
444 3073 546 3146 quum
556 3047 714 3146 porticus
731 3046 880 3148 Pompeii
896 3075 934 3119 ae
950 3047 1116 3147 Apollinis
1128 3047 1223 3123 Pala·

163 3164 224 3237 tiui
246 3162 430 3248 laudasset,
454 3189 531 3237 mox
556 3159 656 3248 alias,
677 3161 779 3238 Lino
803 3161 978 3250 nimirum,
1007 3163 1165 3250 Octauia,
1190 3181 1222 3239 et

163 3278 339 3378 Agnppoe,
360 3277 414 3350 his
430 3275 584 3374 indigitat
599 3276 728 3364 verbis,
746 3303 829 3351 vers.
844 3275 910 3375 391
931 3296 964 3352 et
982 3276 1051 3377 392
1069 3310 1076 3350 :

324 3423 445 3494 Quaque
455 3425 543 3477 rtem⁸
551 3425 696 3506 conjuxque
706 3420 718 3457 ⁸
728 3424 827 3490 duem,
837 3435 1012 3478 monumenta
1025 3437 1152 3494 pararunt
1163 3469 1171 3494 ,

358 3511 501 3583 Navalique
511 3533 589 3583 (cuer
598 3515 609 3550 ⁵
618 3514 717 3573 dmm
727 3512 829 3569 bnon
841 3525 924 3583 eaput.

192 3687 200 3716 ¹
219 3681 275 3736 Lib.
290 3681 362 3744 LIV,
376 3700 433 3750 pag.
445 3680 493 3734 536
504 3690 531 3733 et
542 3680 599 3745 5³2.

190 3768 203 3798 ²
219 3763 344 3830 Octavia,
355 3782 430 3817 soror
444 3761 562 3833 Augusti.

110 3864 115 3872 ‘
189 3845 200 3879 ³
217 3846 297 3900 Livia.

188 3932 199 3967 ⁴
216 3931 338 4002 Augusti.

188 4015 199 4044 ⁵
215 4012 347 4085 Agrippa,
359 4013 404 4084 qui
417 4014 518 4075 rostrali
529 4033 627 4076 corona
637 4014 750 4070 donatus
761 4016 794 4070 ab
804 4014 940 4088 Anguem
962 4019 1033 4075 uude
1050 4039 1112 4073 eum
1126 4015 1221 4088 Virgi-

155 4092 216 4159 lius,
230 4093 337 4148 AEueid.
357 4089 400 4150 lib.
413 4094 500 4162 Vlll,
513 4115 577 4148 vers.
589 4095 655 4164 684,
668 4096 703 4150 sie
716 4097 833 4168 designat
846 4119 852 4153 :
866 4121 880 4149 «
941 4101 982 4156 cui
995 4101 1055 4156 belli
1064 4100 1164 4171 §migne
1175 4119 1219 4155 ω-
