2768 4694
491 328 883 404 ntnlcnrlottus

553 522 800 544 m

235 699 471 783 GEORGH
501 644 819 781 Bussntsttttl
850 701 1150 776 Duntcs'rlo

522 927 569 983 rn
593 880 789 992 rssros,
812 935 861 1001 ee
977 932 981 939 ·

565 1120 819 1198 inueneruo'rrno,

342 1286 804 1396 omiserimus
831 1300 1053 1369 nnuma.
1108 1354 1111 1359 .

271 1493 517 1589 Quaenorren
528 1517 629 1591 quum
645 1489 807 1591 superiori
814 1487 962 1564 semestri
973 1488 1006 1562 in
1018 1516 1222 1564 communem

158 1612 339 1715 juventutis
356 1612 558 1688 scholastica
573 1629 670 1686 usum
684 1610 856 1686 Maronem
875 1608 1070 1703 edidissem,
1084 1609 1219 1687 aliorum

158 1737 295 1840 partim,
310 1736 391 1810 meis
408 1764 541 1837 quoque
559 1734 695 1810 scholiis
711 1731 1064 1837 observationibusque
1080 1732 1220 1808 iliustra-

162 1876 252 1948 tum,
269 1885 306 1931 ac
324 1857 442 1958 (quod
459 1857 529 1932 sine
543 1856 736 1954 arrogantiae
753 1857 973 1933 ostentatione
990 1886 1010 1931 a
1026 1886 1079 1932 me
1099 1854 1223 1932 dictum

161 1982 228 2073 sit)
241 1977 355 2054 multis
369 1966 407 2053 in
421 1979 503 2054 locis
515 1998 717 2067 correctum
733 1979 991 2081 operaepretium
1001 2008 1052 2054 me
1062 1979 1224 2055 facturum

161 2101 293 2203 putavi,
311 2100 527 2203 periclitando
545 2101 632 2175 idem
647 2103 684 2175 in
702 2101 844 2176 Nasonis
859 2100 1011 2204 scriptis;
1028 2101 1063 2176 in
1081 2100 1223 2205 quibus,

163 2223 276 2298 sinon
293 2240 421 2298 tantum
437 2220 659 2310 difficultatis,
673 2245 740 2295 non
760 2222 869 2296 minus
883 2222 1052 2326 profecto,
1077 2224 1222 2326 quamin

163 2345 458 2433 momentorum,
477 2344 530 2420 vei
551 2331 720 2447 aliquanto
738 2345 836 2419 etiam
851 2345 992 2448 amplius
1015 2348 1221 2422 inveniretur.

163 2474 280 2573 Neque
293 2497 370 2544 vero
383 2466 424 2546 ab
440 2468 505 2543 boc
520 2468 674 2543 instituto
689 2472 742 2542 ¹me
760 2466 987 2544 deterruerunt
1008 2469 1226 2573 quorumdam
1263 2484 1270 2498 '

165 2595 205 2670 de
228 2596 291 2669 boc
308 2608 406 2694 poeta
420 2590 542 2691 judicia
559 2604 627 2664 non
649 2589 825 2666 admodum
842 2592 1040 2679 honorifica;
1063 2623 1168 2694 quum
1186 2594 1225 2667 iis

165 2743 367 2817 opponerem
378 2713 570 2787 contrariam
581 2712 620 2787 de
636 2712 698 2787 boc
712 2713 784 2816 ipso
801 2743 901 2815 quum
913 2714 1052 2789 aliorum
1068 2715 1226 2792 doctrinae

165 2837 348 2910 eruditione
373 2854 406 2909 et
431 2836 553 2931 ingenii
575 2836 723 2912 acumine
747 2839 971 2938 praestantium
991 2839 1137 2914 virorum
1155 2842 1224 2942 opi-

164 2957 319 3048 nionem,
344 2976 414 3032 tum
438 2958 589 3059 inprimis
605 2957 688 3032 Julii
706 2960 842 3035 Caesaris
860 2960 1034 3057 scaligeri,
1058 2980 1092 3035 at
1110 2963 1221 3064 quanti

164 3078 532 3155 riril‘existimationem
549 3078 641 3156 valde
665 3080 861 3182 preclaram.
886 3086 964 3157 Non
983 3085 1071 3159 enim
1093 3085 1221 3181 ignora·

164 3203 242 3276 bam
264 3205 306 3276 ab
324 3204 398 3303 ipso
414 3204 448 3276 in
465 3204 685 3307 hypercritico
701 3206 790 3281 hunc
813 3225 963 3280 nostrum
986 3206 1032 3280 illi
1054 3225 1220 3309 poetarum

165 3324 252 3399 retati
269 3326 447 3414 accenseri,
464 3326 500 3399 in
517 3355 597 3428 qua,
617 3338 717 3428 quum
732 3331 918 3403 ceterarum
934 3347 1065 3404 aetatum
1078 3328 1131 3403 alii
1144 3327 1223 3403 alian
1296 3362 1315 3383 2

164 3465 314 3523 anatura
332 3448 469 3524 virtutes
490 3449 581 3526 datas
605 3449 807 3552 profitetum'
822 3471 938 3527 cuncta
965 3451 1062 3527 simul
1085 3452 1222 3526 inveniri

167 3572 347 3660 existimat,
366 3589 436 3645 tum
453 3572 625 3648 candorem
642 3594 908 3676 venustatemque
929 3576 1052 3677 absque
1070 3573 1137 3648 ulla
1155 3576 1225 3649 dic-

55 3702 66 3711 '
167 3694 267 3768 tionis
283 3691 502 3782 affectatione,
519 3694 597 3767 huic
615 3723 685 3770 esse
700 3697 896 3798 peculiarem
911 3697 1098 3772 arbitratur.
1123 3697 1225 3796 Quod

166 3834 273 3891 autem
290 3813 463 3912 singularis
478 3815 616 3917 exempli
632 3817 700 3906 vir,
715 3817 821 3920 neque
837 3848 903 3893 suae
920 3819 1078 3895 duntaxat
1090 3821 1223 3920 patria,

166 3940 223 4013 sed
234 3940 335 4013 totius
353 3937 533 4013 Germaniae
546 3959 790 4031 ornamentum,
801 3941 993 4017 Joachimus
1003 3943 1220 4031 Camerarius,

168 4062 257 4161 quod
275 4061 397 4136 ovidio
415 4061 532 4137 tribuit
548 4061 713 4157 elogium?
732 4093 831 4166 quam
851 4067 887 4139 in
911 4065 968 4142 ilio
989 4065 1120 4140 taudem
1143 4065 1220 4139 etni-
