2768 4694
479 385 579 452 PER
603 387 636 450 J.
662 382 888 453 MASSON.
1156 406 1217 475 117

322 523 361 578 'l’e
374 521 438 576 duce
451 522 605 592 magnificas
617 524 688 576 Ascle
701 523 877 593 perspeximus
888 521 983 574 urbes:
1033 507 1037 513 ’

355 613 503 666 Trinacris¹
517 623 556 665 est
567 612 647 666 oculis
661 624 684 665 te
698 613 763 666 duce
775 625 837 666 nota
850 613 923 667 meis.

157 730 376 833 sequentibus
388 731 497 804 varios
506 729 703 830 Syracusani
716 732 786 825 agri
799 729 906 804 sontes
921 744 1098 812 memorat,
1114 727 1217 820 signi-

155 845 293 947 ficatque
312 874 348 921 se
363 843 536 946 Syracusis
549 872 609 946 per
622 862 728 917 totum
740 846 807 918 sere
821 872 942 917 annum
956 843 1121 915 mansisse.
1134 843 1219 914 Nam

154 963 335 1046 Arethusa,
354 960 451 1035 istius
465 960 559 1033 urbis
574 961 666 1033 sonte
683 960 870 1061 descripto,
888 959 999 1045 addit,
1015 987 1097 1032 vers.
1115 982 1184 1058 29:

319 1131 374 1185 Hic
384 1131 450 1184 mihi
462 1130 569 1184 labentis
581 1151 641 1201 pars
653 1132 715 1183 anni
727 1150 822 1200 magna
835 1142 937 1201 peracta
949 1142 995 1184 est.

154 1264 232 1335 Hoc
249 1288 354 1362 porro
369 1261 405 1331 in
419 1259 530 1332 Asiam
546 1259 606 1332 iter
625 1269 638 1296 ²
650 1260 820 1359 puen'libus
831 1261 936 1345 nanti,
952 1259 1011 1353 (id
1029 1276 1098 1344 est,
1116 1255 1215 1359 paulo

156 1390 239 1474 post
254 1390 367 1467 togam
383 1370 503 1445 virilem
519 1372 689 1460 indutam,
709 1402 811 1472 quum
829 1390 904 1444 autc
918 1372 1144 1446 nonsolerent
1159 1398 1217 1471 pe-

157 1518 250 1587 regre
264 1489 450 1592 proficisci)
463 1489 584 1563 factum
602 1489 725 1563 indicat
741 1489 903 1577 Ovidius,
922 1493 1009 1564 Fast.
1035 1489 1092 1562 tib.
1113 1491 1160 1562 Vl
1175 1487 1215 1560 de

156 1609 262 1681 Veste
280 1604 388 1680 Sacris
404 1634 523 1702 agens,
542 1633 625 1679 vers.
644 1607 666 1697 lp
694 1605 823 1705 7424:

314 1759 419 1815 cetera
430 1760 484 1828 jam
497 1759 601 1829 pridem
615 1758 692 1813 didici
700 1763 838 1827 puerilibus
849 1765 943 1825 ernist

347 1851 409 1905 Non
422 1861 510 1904 tamen
524 1850 621 1904 idcirco
632 1850 814 1919 praetereunda
826 1850 899 1904 mihi.

316 1941 417 1995 Meuia
430 1940 596 1994 Dardanides
608 1960 695 2011 nuper
706 1959 774 1994 nova
784 1941 883 1995 fecerat
895 1943 947 1995 llus
961 1962 967 1995 :

349 2033 403 2086 llus
417 2031 503 2086 adhuc
516 2032 585 2086 Atia
599 2030 671 2084 dives
684 2031 794 2085 habebat
806 2053 874 2102 opes.

316 2121 443 2176 Creditur
454 2122 583 2177 amitere
595 2128 692 2190 signam
704 2127 802 2176 celeste
816 2125 944 2177 Minerva

350 2213 431 2267 Urbis
444 2215 472 2266 in
486 2213 569 2267 Iliaco
581 2212 710 2268 desiluisse
724 2216 791 2284 juga.

318 2304 392 2358 Cura
404 2305 495 2358 videre
507 2305 556 2358 tuit
566 2311 634 2360 :vidi
641 2312 801 2375 templumque
812 2311 945 2377 locumque.

347 2399 410 2451 Hoc
422 2408 541 2467 superest
553 2398 588 2450 illi
601 2401 722 2453 :Pallada
736 2401 820 2454 Roma
830 2411 909 2453 tenet.

158 2521 278 2620 quibus
287 2521 370 2595 clare
386 2539 542 2607 testatur,
557 2551 590 2596 sc
603 2523 680 2597 olim
694 2525 810 2616 Ilium,
831 2552 888 2597 seu
902 2525 1028 2623 Tropina
1040 2521 1214 2610 lustrasse,

159 2636 270 2737 ibique
283 2638 427 2712 Palladis
443 2639 600 2740 templum
618 2642 753 2729 vidisse,
773 2643 807 2715 in
826 2670 893 2742 quo
908 2669 977 2712 non
991 2637 1130 2738 amplius
1149 2657 1218 2713 erat

154 2751 350 2850 palladium,
375 2754 438 2851 jam
464 2756 589 2856 pridem
609 2760 723 2833 Roma
749 2773 1002 2842 consecratum
1030 2783 1216 2854 quanquam

161 2869 297 2958 Strabo,
308 2872 431 2944 Nasoni
441 2901 581 2962 coaevus,
598 2874 715 2947 scribit
732 2875 764 2960 ³,
783 2875 919 2949 ilienses
929 2903 986 2946 sua
1003 2889 1095 2946 aetatc
1109 2871 1217 2972 quod-

161 2985 231 3060 dam
249 2985 426 3087 palladium
448 2988 601 3062 habuisse
627 3003 735 3062 rectum
756 3006 858 3078 stans,
885 3019 986 3091 quum
1008 3019 1047 3064 ex
1072 2991 1216 3062 Homero

163 3101 278 3176 sederit
295 3103 505 3204 antiquorum
521 3103 680 3177 lliensurn
692 3104 831 3200 signum.

206 3217 292 3313 Quis
307 3219 407 3293 suerit
422 3216 478 3291 ille
490 3219 613 3303 Macer,
630 3219 664 3292 in
682 3219 775 3317 cnjus
788 3222 944 3293 comitatu
963 3218 1092 3294 Ouidius
1107 3218 1219 3292 Asiam

162 3331 386 3430 perlustravit,
405 3333 537 3408 difficile
555 3335 632 3407 satis
649 3333 795 3408 definito.
812 3336 965 3408 Proiecto
978 3335 1064 3409 idem
1076 3363 1146 3408 esse
1161 3365 1218 3409 ne·
1305 3369 1309 3376 ¹

162 3447 244 3544 quit,
262 3477 298 3522 ac
315 3449 477 3525 AEmt'lius
498 3449 627 3535 Macer,
653 3451 710 3550 qui
734 3449 770 3522 in
785 3449 976 3550 Hieronymi
994 3451 1160 3523 Chronico
1179 3451 1218 3521 ad

195 3620 204 3648 ¹
222 3617 278 3685 stc,
289 3622 331 3674 vel
348 3624 495 3684 Trr'aeacrr'a,
513 3623 653 3680 vocabatur
659 3625 761 3684 Sicilia,
777 3621 872 3676 scilicet
887 3624 993 3676 atribus
1004 3627 1094 3696 ἄκροις,
1107 3624 1159 3675 sive
1166 3640 1224 3686 pro·

162 3703 302 3760 mortariis,
314 3701 388 3754 sicuti
398 3704 436 3755 vel
446 3723 477 3756 er
488 3703 583 3758 Nostro
592 3703 690 3756 discere
700 3714 752 3768 est,
762 3703 830 3756 Fast.
841 3704 884 3756 tib.
897 3706 946 3768 IV,
956 3724 1021 3757 vers.
1033 3707 1082 3776 419
1094 3722 1100 3754 ε
1111 3724 1124 3746 s
1135 3701 1219 3752 Terra

161 3781 243 3911 pratus
253 3784 363 3844 scopulis
372 3794 471 3837 vastum
482 3785 611 3853 procurrit
622 3786 649 3836 in
657 3802 748 3853 aequor
763 3787 897 3847 Trinacris,
906 3803 920 3837 a
930 3785 1015 3854 positu
1022 3800 1120 3838 nomen
1130 3780 1223 3848 adepta

173 3878 223 3912 oct.
242 3880 255 3903 ν

191 3945 204 3973 ²
222 3941 307 3996 Haud
318 3943 425 3999 absurde
434 3947 502 4001 intra
510 3968 610 4004 aunum
620 3951 657 4004 U.
669 3949 701 4003 C.
713 3965 846 4005 uccxxvu
854 3961 881 4003 et
893 3947 1147 4012 occxxx1,c0llocar
1163 3959 1225 4001 etur

161 4048 210 4100 quo
223 4041 346 4098 tempore
356 4031 485 4097 Pennus
495 4034 583 4087 Macer
588 4035 673 4104 potuit
682 4035 714 4086 ab
728 4034 996 4104 Augustoprocmtor
1003 4033 1030 4084 in
1041 4030 1131 4084 Asiam
1139 4033 1219 4089 mitti.

190 4112 200 4146 ³
216 4113 316 4182 Geogr.
329 4111 371 4167 lib.
384 4112 467 4180 xlll,
485 4134 540 4184 pag.
551 4116 607 4188 897,
620 4117 661 4169 ed.
672 4117 756 4170 Amst.
