2768 4694
555 382 674 450 IBIS.

136 528 248 601 Morte
265 524 356 610 luas,
371 549 432 595 nec
451 538 482 594 te
499 549 571 596 non
588 522 748 595 memisse
761 523 862 621 juret.

88 643 257 720 AEthaliou
275 643 341 716 rita
358 637 513 741 spoliavit
529 656 567 712 ut
585 639 683 712 Isidis
699 640 837 741 hospes,

137 765 244 860 Quem
263 787 391 834 memor
407 788 425 832 a
444 758 546 830 sacris
562 784 651 828 nunc
668 785 802 856 quoque
817 756 912 857 pellit
928 761 1013 849 Ion;

88 881 200 979 thue
215 875 409 951 Melanthea
427 872 574 949 tenebris
589 899 608 942 a
626 870 711 944 caede
728 869 883 947 latentem

135 990 288 1065 Prodidit
304 988 417 1062 officio
432 986 568 1059 luminis
586 984 669 1056 orba
686 1012 826 1084 parens;

89 1104 143 1178 Sic
160 1121 218 1177 tua
235 1100 395 1200 conjectis
413 1099 579 1173 fodiantur
593 1115 729 1198 pectora
747 1097 840 1184 telis;

138 1219 216 1305 Sic,
234 1244 372 1318 precor,
389 1212 518 1288 auxiliis
534 1213 709 1313 impediare
728 1213 801 1286 tuis.

93 1331 217 1430 Qualis
236 1356 342 1431 equos
357 1347 471 1430 pacto,
489 1328 686 1428 quosfortis
703 1330 821 1424 agebat
836 1329 1002 1420 Achilles,

143 1451 227 1522 Acta
244 1447 366 1548 Phrygi
385 1446 498 1519 timido
511 1464 580 1534 est;
598 1475 665 1520 nox
682 1447 743 1520 tibi
762 1446 836 1521 talis
853 1466 915 1524 eac
1109 1476 1161 1529 630

92 1566 160 1637 Nec
178 1580 232 1648 tu,
250 1588 349 1662 quam
367 1559 517 1648 Rhesus,
536 1588 654 1634 somno
667 1558 801 1633 meliore
819 1560 953 1649 fruaris,

138 1682 249 1778 Quam
267 1678 406 1766 comites
423 1678 528 1751 Rhesi
546 1694 615 1750 tum
633 1678 746 1766 necis,
766 1695 841 1750 ante
859 1679 938 1751 viae:

91 1798 137 1869 Ut
154 1825 240 1896 quos
259 1823 333 1868 eum
350 1793 479 1868 Rutulo
495 1793 595 1867 morti
613 1794 797 1867 Rhamnete
815 1793 976 1867 dederunt

139 1913 286 2013 Impiger
302 1910 515 2012 Hyrtacides,
534 1909 788 2010 Hyrtacidaeque
804 1937 929 1997 comes3

96 2025 290 2102 Cliniadaeve
306 2025 427 2113 modo,
443 2022 663 2099 circumdatus
675 2022 812 2120 ignibus
828 2024 926 2112 atris,
1066 2052 1070 2057 ·
1110 2050 1161 2102 635

95 2192 162 2246 mine
175 2192 237 2246 ficto
249 2191 283 2244 ab
295 2190 407 2263 Ulysse,
424 2188 491 2257 quod
504 2206 599 2241 aurum
683 2188 740 2260 Gap.
757 2189 847 2254 Qualis
858 2209 936 2258 equos
946 2198 1034 2257 pacto.
1049 2190 1137 2244 Dolon
1151 2235 1160 2262 ‚

95 2270 251 2323 aPriamoin
258 2267 411 2321 Graecorum
423 2266 599 2334 proditionem
651 2265 779 2319 Eumedis
799 2266 884 2332 filius,
906 2267 933 2320 iu
951 2278 1034 2321 castra
1046 2268 1160 2323 Greco-

95 2346 243 2414 2ccepisset,
252 2343 379 2412 lapidibus
387 2344 498 2395 obrutus
507 2352 551 2394 est
561 2342 599 2394 Μ.
650 2363 710 2396 rum
722 2362 737 2396 a
753 2346 777 2397 Τ
779 2346 874 2413 rojauis
886 2345 1034 2414 explorator
1045 2347 1157 2414 missus,

123 2424 184 2477 ⁶23.
194 2425 318 2477 Malos
328 2425 543 2488 utitaspoh'm'l
550 2422 601 2472 Isi·
649 2421 723 2488 equis
732 2421 838 2475 Achillis
850 2443 897 2492 pro
910 2422 1031 2477 mercede
1044 2424 1091 2478 sibi
1102 2444 1161 2494 pro·

93 2503 150 2556 dus
163 2504 259 2569 hospes.
278 2501 364 2554 locos
373 2496 477 2554 nemini
494 2496 599 2551 intelle-
648 2499 744 2565 missis,
759 2518 774 2551 a
787 2498 917 2553 Diomede
932 2511 960 2554 et
973 2501 1067 2573 Ulysse
1079 2503 1160 2555 inter·

95 2589 158 2633 etus
171 2578 267 2646 Forte,
280 2580 411 2632 muetos
423 2580 605 2641 orlaspolim’!
649 2588 756 2646 ceptus,
769 2588 796 2630 et
808 2589 901 2631 eontra
914 2578 995 2633 fidem
1007 2580 1094 2633 datam
1111 2582 1158 2633 in-

94 2660 209 2712 etlside's
222 2660 319 2725 hospes.
335 2656 368 2709 ln
376 2654 479 2726 vulgata
492 2653 600 2708 lectione
651 2654 775 2709 terleetus
787 2666 842 2721 est,
863 2667 1000 2725 postquam
1012 2659 1079 2726 ipsos
1096 2659 1161 2712 edo-

96 2735 204 2788 numeri
215 2752 269 2787 non
279 2743 406 2787 constant
419 2734 520 2786 fluns.
650 2733 744 2788 cuisset
754 2774 762 2801 ,
774 2735 838 2804 quid
852 2752 943 2789 rerum
957 2736 1067 2805 Troiani
1082 2738 1161 2791 moli-

126 2813 187 2877 624.
201 2814 238 2864 10·
250 2811 340 2865 Scribe
354 2813 405 2864 les.
417 2813 517 2864 Hnttts.
652 2822 754 2865 rentur.
762 2812 801 2865 Es
812 2813 933 2866 Homero
946 2814 1019 2868 lliad.
1031 2824 1069 2877 x3
1081 2815 1161 2888 Dirty

108 2889 256 2957 testeque
262 2888 595 2954 nermeheahtetanrheus,
653 2887 790 2951 Cretensi,
805 2891 847 2943 lib.
858 2891 894 2944 ll.
905 2889 1055 2959 Cujussaeti
1067 2895 1161 2947 memi·
1193 2876 1200 2899 ⁸

94 2969 238 3024 homicidio
245 2968 372 3022 obnoxius
381 3006 389 3033 ,
399 2986 479 3035 quum
489 2968 584 3022 lateret
594 3007 601 3033 ,
651 2968 692 3020 nit
701 2966 831 3034 Ovidius,
845 2969 924 3023 Trist.
935 2970 977 3023 lib.
988 2971 1046 3036 lll,
1062 2972 1101 3025 El.
1119 2988 1158 3040 tv,

95 3068 109 3101 a
125 3058 211 3101 matre
227 3046 266 3100 rei
283 3047 365 3100 inscia
377 3049 553 3114 quarentibus
563 3054 604 3098 est
652 3059 679 3100 et
691 3048 747 3102 Art.
760 3047 820 3102 Am.
836 3049 878 3102 lib.
896 3050 939 3111 113
957 3050 1022 3103 item
1036 3051 1105 3105 Met.
1117 3051 1159 3105 lib.

96 3123 292 3190 manifestatus,
305 3135 389 3192 utque
401 3123 491 3177 melius
503 3140 606 3190 cogno·
653 3125 738 3187 Xlll;
756 3145 808 3194 quo
820 3127 877 3179 loro
888 3125 1023 3180 Dolonem
1035 3133 1159 3182 imbellem

94 3215 210 3268 suerent,
225 3204 314 3256 lumen
329 3201 438 3266 adtulit,
454 3202 500 3270 qui
515 3210 606 3270 coptus
653 3214 744 3268 votat,
759 3213 789 3255 ut
804 3203 846 3258 hic
856 3207 986 3269 tirm'dun,
999 3225 1035 3259 er·
1047 3206 1160 3260 Homeri

95 3282 177 3350 eapite
190 3278 315 3334 multatus
326 3291 373 3333 est.
387 3279 425 3332 lta
437 3289 513 3331 vetus
522 3279 604 3330 inter·
655 3282 875 3335 nimirumverbis
923 3272 943 3341 ὁ
957 3283 1015 3360 d'eip
1028 3292 1080 3348 iere
1089 3325 1096 3352 ,
1105 3288 1162 3362 erip·

96 3379 168 3430 pm,
183 3359 256 3429 quod
268 3359 336 3412 milti
351 3357 471 3428 nuspiam
483 3354 587 3409 tectum.
656 3364 752 3422 deviare
764 3367 905 3427 repentes·
917 3364 997 3435 ipatius
1007 3370 1030 3416 r'i
1041 3368 1080 3418 etit
1090 3368 1163 3431 στδμα

127 3439 184 3504 627.
201 3439 244 3491 Sic
257 3449 303 3491 tua
321 3437 452 3503 conjectis.
470 3433 513 3485 Ad
527 3433 605 3500 hujus
654 3437 723 3506 γόνατ’
735 3440 844 3503 o'da'arosu,
859 3444 949 3510 Χλωρὶς
964 3445 1019 3494 ὑπαὶ
1031 3447 1109 3503 deleve.

95 3519 144 3573 loei
158 3515 407 3586 interpretationem
428 3524 481 3565 tres
496 3513 606 3565 inferio·
675 3515 732 3569 633.
743 3519 824 3581 Quam
831 3535 893 3583 quos
900 3535 955 3569 cum
961 3520 1062 3572 liureio.
1074 3521 1160 3587 Nisus,

95 3615 140 3648 res
160 3614 247 3649 versus
268 3595 402 3665 pertinent
425 3612 431 3644 :
456 3601 482 3643 et
503 3589 605 3644 Dolona
656 3591 765 3665 Hyrtaci
783 3591 868 3657 lilius,
888 3603 915 3646 et
929 3613 1017 3648 eomes
1033 3596 1162 3670 Euryalus

97 3672 333 3742 Phrygiumtaxat.
347 3672 397 3724 llic
409 3669 442 3721 ad
452 3668 606 3722 Grecorum
655 3669 683 3721 in
703 3670 862 3722 Rutulorum
881 3682 963 3723 eastra
980 3691 1096 3739 venere,
1118 3674 1163 3727 ubi

96 3759 185 3805 rastra
196 3749 351 3816 exploranda
361 3750 456 3802 missus
468 3759 505 3801 est
517 3767 530 3799 a
540 3747 608 3799 'l'ro-
657 3746 834 3800 Rhamnetem
843 3787 850 3813 ,
859 3749 1005 3817 multosque
1013 3751 1075 3803 aiios
1083 3750 1163 3802 morti

96 3826 186 3897 jonis,
203 3825 294 3892 quibus
307 3825 412 3880 tetittis
428 3843 509 3895 equos
524 3824 607 3877 abdu-
657 3825 761 3879 dedere.
771 3826 893 3879 Tandem
905 3840 931 3880 et
943 3828 989 3896 ipsi
1002 3830 1100 3895 agniti,
1115 3848 1161 3881 oe-

97 3925 158 3958 cere
180 3911 272 3972 pacem
287 3912 326 3954 ese
342 3923 349 3954 ι
365 3905 408 3957 sed
426 3904 459 3956 ab
470 3903 564 3975 Ulysse
581 3911 607 3954 et
657 3903 701 3956 cisi
716 3913 793 3970 sunt,
810 3904 879 3955 utin
896 3904 933 3956 ΙΧ
948 3903 1055 3956 AEneid.
1070 3903 1164 3973 Virgil.

98 3981 235 4039 Diomede
251 3992 413 4049 pernoctem
430 3994 518 4052 captus
533 3983 607 4036 ocei-
658 3991 696 4033 est
707 3992 804 4033 auctor.
817 3982 886 4032 Zau.

100 4061 190 4124 ditur,
224 4059 298 4127 prius
322 4067 408 4112 tamen
429 4060 608 4125 Troianorum
691 4057 747 4109 635.
760 4059 929 4122 Clr'mhabpue
947 4056 1019 4104 modo
1038 4065 1086 4109 etc.
1105 4056 1167 4111 cti-

100 4138 206 4193 deteetis
218 4134 344 4192 consiliis.
362 4134 437 4191 Dour.
659 4131 749 4187 niades
757 4131 904 4186 Alcibiades
913 4128 1082 4200 intelligitur,
1092 4138 1166 4204 cujus

191 4228 308 4301 VIII.
728 4280 732 4286 .
987 4221 1007 4304 4
