2768 4694
478 331 578 398 PER
601 332 634 398 J.
660 331 880 400 MASSON.
1152 359 1209 428 ¹7¹

153 509 176 543 >s
197 475 265 548 boc
281 500 417 547 numero
437 489 625 560 numu,
651 472 796 547 scribens
811 473 853 546 ad
870 472 1101 563 Messalinum,
1116 475 1217 575 bujus

156 628 177 692 >3
196 589 347 666 Messala
367 587 492 672 filium,
515 589 563 661 ait
586 617 621 663 se
638 590 740 690 patris
758 591 829 688 ejus
844 590 944 664 sunus
962 590 1110 693 epicedio
1136 620 1215 693 pro·

158 740 178 773 »
198 724 370 808 sequutum
385 704 510 778 luisse:

320 853 377 908 Nee
392 862 455 905 tuus
464 861 505 904 est
516 849 636 920 genitor,
647 860 696 903 etc.

160 1003 178 1033 >v
197 971 286 1064 Ergo
299 985 376 1042 ante
390 964 542 1040 exsilium
558 965 670 1038 Ovidii
683 966 747 1063 jam
762 965 959 1053 decesserat,
977 964 1042 1039 boc
1061 983 1128 1054 est,
1145 984 1221 1040 ante

160 1116 177 1146 »
196 1111 288 1155 num.
315 1099 470 1155 uuxxru
492 1089 514 1151 ¹.
543 1081 614 1175 Qui
630 1078 700 1150 fieri
723 1079 850 1179 potuit,
870 1097 908 1153 m
924 1107 1014 1152 num.
1038 1098 1220 1167 uuxrru,

160 1229 178 1260 o
199 1194 396 1269 memoriam
406 1194 557 1282 amiserit,
573 1211 605 1266 et
613 1220 702 1265 num.
715 1213 866 1268 tttdxm
880 1193 1040 1268 obiverit?
1053 1195 1155 1292 Quod
1168 1222 1222 1294 pa·

166 1347 186 1378 »
205 1313 386 1386 trocinium
404 1312 483 1386 buic
499 1310 725 1384 coutroversiae
742 1313 963 1386 arcessemus?
979 1312 1110 1385 Rursus
1134 1311 1222 1385 aliud

168 1461 187 1494 »
205 1426 349 1501 dubium
357 1425 530 1501 suboritur.
545 1428 581 1500 si
592 1429 640 1498 M.
655 1426 808 1500 Valerius
822 1426 963 1500 Messala
978 1427 1062 1500 obiit
1074 1447 1223 1502 Muxxtx

167 1576 185 1608 »
204 1568 368 1629 numero,
386 1559 550 1642 superstet
562 1541 628 1614 luit
644 1561 682 1614 tx
698 1543 792 1616 annis
806 1543 843 1615 C.
858 1542 977 1615 Asinio
989 1539 1150 1630 Pollioni,
1165 1544 1222 1644 qui

166 1690 183 1722 »
202 1654 345 1729 decessit
360 1682 449 1728 num.
467 1674 586 1730 mx.
606 1655 786 1752 Quomodo
803 1685 882 1752 ergo
900 1657 1067 1730 tuebimur
1083 1659 1146 1732 boc
1167 1658 1225 1731 ad·

165 1807 182 1839 ι
199 1798 314 1846 versus
332 1798 390 1859 ea,
408 1798 481 1872 quae
498 1789 616 1845 auctor
633 1771 767 1869 Dialogi
789 1775 829 1847 de
854 1775 959 1848 causis
976 1792 1138 1877 corrupte
1159 1772 1227 1847 elo-

167 1923 183 1956 »
202 1889 348 1990 quentia
364 1889 482 1962 scribit
498 1898 512 1928 ⁸
527 1915 536 1958 ε
553 1888 701 1963 Corvinus
712 1890 742 1961 in
755 1889 886 1963 medinm
898 1919 989 1994 usque
998 1893 1139 1991 Augusti
1142 1892 1226 1991 pnit-

169 2036 185 2069 n
200 2005 356 2105 cr'pmmrr,
382 2003 517 2077 Assum
526 2031 620 2104 pone
635 2003 681 2076 od
695 2019 860 2077 calumme
876 2005 1021 2079 duravit?
1039 2006 1224 2081 Secundum

170 2152 184 2182 o
203 2119 291 2206 hec,
310 2135 345 2191 et
359 2145 416 2205 ea,
433 2146 507 2218 quae
522 2126 664 2203 οώτόπτης
682 2121 848 2195 scribebat
865 2123 1026 2209 Ovidius,
1044 2139 1226 2197 commuta-

170 2267 184 2297 »
203 2252 281 2308 runt
298 2232 411 2307 locum
433 2234 470 2305 in
496 2235 662 2309 Chronico
682 2237 820 2310 Eusebii
838 2235 945 2310 Pollio
962 2254 996 2310 et
1010 2234 1169 2325 Messala,
1188 2254 1226 2310 ut

170 2376 342 2422 »numero
365 2367 478 2422 tdutxx
495 2348 528 2437 ³,
552 2351 694 2425 Messala
716 2369 868 2424 mortuus
883 2350 1000 2439 suerit,
1024 2349 1132 2425 Pollio
1150 2381 1227 2425 vero

172 2499 188 2531 o
208 2485 365 2540 unxxlx.
386 2465 482 2539 Unde
507 2463 592 2541 recte
617 2487 734 2541 auctor
757 2465 890 2562 Dialogi
913 2468 1051 2554 dixerit,
1076 2468 1227 2542 Asinium

175 2618 191 2648 o
210 2611 299 2685 pene
311 2582 353 2655 ad
362 2601 542 2657 extremum
553 2587 772 2686 principatum
786 2586 930 2680 Augusti
944 2585 1230 2685 pervenissczpen·

175 2733 191 2764 »
213 2699 348 2773 ultimus
355 2700 441 2772 enim
449 2727 557 2772 annus
565 2700 708 2794 Augusti
719 2701 836 2773 incidit
847 2700 881 2772 in
891 2727 982 2772 uum.
997 2696 1201 2807 ulmi»

218 2816 263 2888 ll.
281 2812 377 2889 Alius
392 2816 532 2915 insuper
545 2813 579 2885 in
593 2814 708 2887 codem
723 2816 878 2890 chronico
892 2814 985 2889 locus
1000 2844 1074 2889 cum
1089 2814 1149 2889 illo
1161 2815 1229 2890 eol-

173 2929 261 3005 latus
278 2930 442 3020 ostendit,
459 2928 608 3003 Messalae
624 2928 752 3003 obitum
764 2959 803 3004 ex
817 2929 1033 3018 Eusebianis,
1048 2959 1106 3005 seu
1118 2932 1230 3032 potius

174 3044 438 3146 Hieronymianis
466 3043 652 3117 rationibus
677 3041 880 3117 referendum
911 3072 982 3118 esse
1011 3044 1053 3117 ad
1081 3044 1228 3119 eumdem

175 3160 313 3238 Abrabae
329 3188 453 3235 annum
474 3179 643 3245 mexlx,
660 3185 747 3231 auno
772 3161 814 3232 U.
839 3161 877 3234 C.
903 3177 1056 3234 ucclxvl
1080 3161 1229 3236 desinen-

175 3290 243 3349 tem.
261 3276 399 3349 Etenim
416 3302 519 3374 quum
536 3273 758 3372 Hieronymus
779 3272 929 3347 Messalae
944 3272 1068 3348 natales
1082 3275 1230 3370 assigna-

175 3477 296 3534 ereunte,
306 3467 338 3521 in
351 3465 470 3521 exsilium
480 3467 573 3520 missus
584 3465 648 3533 luit,
665 3477 696 3520 ut
709 3464 816 3520 inferius
827 3465 860 3519 ad
876 3485 938 3521 eum
952 3486 1053 3521 annum
1062 3467 1231 3521 demonstra-

178 3546 259 3603 bimus
268 3589 277 3617 ,
287 3553 345 3621 ipso
355 3550 516 3624 suffragante
530 3550 668 3622 Smligero.

210 3639 220 3668 ¹
237 3638 294 3692 lmo
305 3656 423 3694 nm:
431 3641 597 3696 scribendum
611 3652 684 3705 erat,
698 3660 780 3711 quum
791 3640 833 3695 hic
846 3659 972 3695 numerus
988 3640 1094 3711 caperit
1107 3659 1147 3693 an.
1156 3638 1191 3689 U.
1201 3637 1231 3687 C.

180 3735 304 3788 necent,
315 3744 368 3793 quo
378 3736 448 3780 rates
458 3728 486 3781 in
497 3728 614 3782 exsilium
627 3727 699 3781 abiit.

210 3814 224 3843 ²
242 3810 307 3882 cap.
319 3833 356 3883 η.
754 3844 761 3890 '.

213 3901 224 3935 ³
240 3902 300 3972 Qui
315 3912 402 3961 mensi
413 3906 557 3978 Sqtmhr.
568 3928 610 3964 an.
622 3911 658 3964 U.
671 3909 703 3964 C.
717 3923 815 3963 occur!
826 3910 910 3981 cupit.

211 3994 223 4029 ⁴
240 3993 320 4047 Obiit
328 4013 421 4064 nempe
433 3998 560 4070 Augustus
572 4021 613 4054 an.
623 4002 658 4057 U,
669 4001 701 4056 c,
711 4015 836 4068 necron,
850 4021 879 4056 ac
889 4019 973 4054 annus
982 3994 1094 4049 Abrabae
1105 4009 1234 4069 rimaris,

188 4075 323 4130 desinebat
334 4095 373 4130 an.
385 4078 420 4131 U.
438 4076 468 4131 G
476 4096 598 4136 ucccxvr.
