2768 4694
453 315 521 383 ΕΤ
547 313 923 381 PRAEFATIONES.
1157 317 1224 407 295

154 461 261 535 larum
274 454 766 559 supereminentissimum,
780 483 817 528 ac
830 453 923 529 facile
936 456 1137 557 principa,
1153 456 1223 555 ejus

155 573 300 651 carmina
316 574 352 647 in
368 569 514 648 italicum
529 598 713 646 sermonem
730 570 794 645 sibi
819 572 966 646 converti
988 573 1107 670 jussit,
1131 574 1222 647 arbi-

157 708 264 766 tratus
280 716 354 768 eum
368 687 468 765 latine
491 715 562 761 nou
586 685 734 760 locutum
760 713 832 762 esse
848 717 857 760 ε
874 714 932 775 ac,
959 689 1090 789 quoties
1116 689 1157 764 de
1182 717 1222 763 eo

155 832 268 885 sermo
275 800 480 890 moderat,
470 819 517 877 ita
532 801 645 888 dcco,
655 798 906 878 utdebarbaro
919 801 1054 904 aliquo
1066 819 1101 878 et
1116 803 1224 880 lutinae

154 921 300 1056 lingue
280 921 469 1056 ’mrpeiitm
484 918 697 1021 loquebatur.
713 918 890 1018 Quemalii
903 921 1038 1022 quidum
1048 910 1175 1012 secun,
1191 924 1226 997 in

156 1040 426 1134 gravissimorum
445 1032 783 1167 doctissimorumque
799 1035 975 1111 bominum
1003 1036 1134 1112 aculeos
1156 1066 1224 1112 me-

155 1154 221 1241 rito
239 1153 437 1229 inciderunt
457 1152 528 1248 Qui
543 1151 630 1224 enim
641 1178 797 1250 „qoeso
814 1161 929 1228 sunus
944 1181 1030 1241 nos,
1047 1171 1104 1241 ut,
1122 1182 1226 1255 quum

157 1271 200 1346 de
213 1269 311 1355 latini
328 1267 491 1347 sermonis
504 1265 691 1362 integritate
707 1286 742 1341 et
761 1267 921 1366 elegantia
942 1270 1070 1365 agitur,
1085 1287 1152 1344 tam
1166 1300 1225 1345 su·

157 1384 265 1486 pethe
278 1383 443 1484 judicium
457 1382 657 1484 dtaotiqnis
669 1385 889 1485 scriptoribus
902 1384 1007 1459 lacere
1022 1384 1227 1460 audeamus?

160 1500 679 1604 ttuln„inqrtoot,ionovavit
695 1503 856 1593 Ovidius,
880 1501 1002 1579 multas
1025 1526 1122 1579 voees
1145 1532 1226 1579 con·

159 1618 277 1706 trusit,
296 1614 778 1753 quibusnpcrioresirsiuun
794 1638 897 1697 eraut.
913 1618 1109 1709 Ubdt'scis,
1134 1620 1227 1722 quis·

160 1735 235 1837 quis
252 1760 308 1824 es,
325 1735 565 1837 innormipea,
581 1764 623 1809 an
640 1762 658 1808 e
674 1734 935 1823 venustentur,
953 1760 1037 1835 quos
1054 1762 1228 1809 nuocuon

160 1850 366 1940 babemus,
355 1864 458 1953 ipre.
443 1852 612 1939 babebat,
620 1848 817 1952 acceperit?
837 1851 1067 1952 Quisquamne
1083 1869 1229 1927 veterum

161 1966 352 2061 criticorum
376 1964 535 2042 offlam
560 1983 730 2066 unquam,
749 1983 909 2068 unquam
925 1992 1043 2068 parum
1059 1966 1161 2043 latine
1178 1969 1229 2043 lo·

162 2100 275 2161 cutam
289 2082 533 2159 notauiti’rlt
523 2081 736 2159 rstidelicius
754 2081 904 2169 faciunt3
934 2101 977 2157 et
992 2112 1105 2159 uocem
1127 2085 1229 2160 ullam

163 2219 282 2298 negant
297 2229 333 2277 se
346 2201 431 2274 serre
449 2226 567 2300 posse,
585 2228 657 2301 quae
671 2224 745 2272 non
756 2198 793 2277 in
808 2194 950 2287 Catulli,
967 2201 1132 2290 Lucretii,
1151 2203 1227 2275 vir-

162 2316 250 2412 gilii,
267 2315 421 2403 Tibulli,
437 2332 473 2388 ct
488 2326 668 2416 paucorum
683 2333 855 2419 preterca,
870 2316 1020 2391 versibus
1035 2317 1226 2418 reperiatur.

162 2435 302 2529 Quanto
314 2432 419 2508 satius
428 2447 513 2503 esset
523 2428 566 2520 ul
578 2436 744 2521 penten,
759 2450 797 2507 ut
806 2432 1087 2534 aitThucydides,
1100 2436 1227 2523 τᾷπιι-

164 2549 212 2636 ιδ
226 2551 331 2643 χρόνῳ,
354 2563 386 2620 et
402 2574 515 2620 eorum
530 2547 719 2625 auctoritati
743 2549 970 2650 acquiescere,
988 2577 1130 2649 quorum
1147 2579 1227 2624 mu-

164 2661 401 2738 lionesmelius
413 2691 450 2736 ac
464 2666 603 2752 certius,
622 2693 719 2765 (Ῑιιιιιι
734 2696 817 2754 uos,
836 2667 876 2740 de
893 2665 997 2739 latino
1015 2667 1228 2766 sermoneju-

165 2778 275 2852 ‹licare
293 2793 455 2878 poterant.
478 2778 607 2852 Ponam
629 2779 779 2879 equidem
799 2780 879 2881 quid
898 2781 937 2856 de
953 2779 1074 2855 Ouidio
1094 2783 1232 2858 senserit

165 2894 343 2969 historicus
353 2885 508 2995 optimus,
523 2896 559 2970 G
573 2890 721 2970 Velleius
730 2895 932 2984 Paterculus,
939 2895 998 2970 lib
1010 2898 1044 2969 Π
1058 2921 1066 2964 :
1082 2929 1099 2960 «
1119 2898 1230 2988 Pane,

170 3045 186 3075 »
206 3010 336 3111 inquit,
355 3007 457 3085 stulta
484 3027 534 3085 est
556 3011 787 3088 iuberentinm
802 3012 908 3087 oculis
925 3013 1132 3110 iugeniomm
1155 3041 1234 3088 cuu-

171 3162 187 3193 »
207 3129 462 3216 metatio,inter
474 3156 548 3230 qua
559 3128 819 3217 maximeuestri
829 3130 888 3206 avi
899 3131 1063 3218 eminent,
1079 3132 1233 3235 princeps

171 3281 188 3310 ι
209 3247 391 3322 carminum
407 3243 593 3341 Virgilius,
618 3244 861 3348 Rabiriusque,
883 3264 917 3321 et
941 3266 1137 3322 consecutus
1162 3248 1236 3322 sal-

174 3394 191 3425 »
209 3362 345 3439 lustium
372 3361 503 3447 Livius,
527 3359 751 3464 libullusque
777 3379 810 3437 et
831 3363 920 3436 Naso
944 3363 1174 3464 perfectissimi
1201 3365 1237 3439 in

175 3506 192 3536 ι
210 3473 316 3549 forma
332 3475 446 3576 operis
460 3475 524 3550 sui.
542 3508 561 3540 ι
577 3476 658 3578 Quo
671 3464 726 3550 vel
736 3503 804 3550 uno
817 3475 1010 3550 testimonio
1025 3506 1081 3552 cos
1095 3536 1104 3568 ,
1119 3477 1237 3579 quiite

173 3588 286 3663 acerbe
303 3618 340 3663 ac
364 3590 551 3692 petulanter
576 3593 612 3665 in
632 3592 743 3692 ipsum
757 3590 878 3666 invecti
904 3610 1000 3682 sunt,
1019 3622 1126 3695 neque
1142 3619 1239 3679 vere,

172 3728 282 3803 usque
299 3701 423 3781 sincere
433 3705 575 3791 „scd-cr
591 3705 727 3781 aidlectu
738 3730 778 3781 ue
789 3705 929 3781 libidine
941 3706 1073 3783 locutos
1090 3733 1176 3792 csse,
1193 3705 1239 3779 si-

174 3818 315 3920 mulque
329 3820 697 3927 inscium-patefecisse
716 3852 829 3914 mem,
853 3824 949 3901 facile
970 3824 1151 3917 intelligere
1177 3841 1239 3898 est.

173 3936 302 4038 Siquis
319 3964 396 4010 vero
423 3937 506 4038 opus
530 3940 596 4019 boe
623 3940 800 4038 diligenter
814 3943 988 4046 inspiciat,
1007 3940 1148 4042 reperiet
1162 3970 1243 4042 pro-

171 4057 260 4134 lecto
280 4075 405 4134 tantam
432 4075 564 4160 tamque
586 4061 811 4140 admirabilem
833 4063 963 4139 dicendi
988 4061 1118 4162 copiam
1141 4077 1243 4163 atque
