2768 4694
154 342 218 407 338

356 334 698 406 TESTIMONIA
720 332 785 399 ET
808 331 1024 403 JUDICIA

312 478 346 530 Et
358 492 487 545 nusquam
498 473 581 526 deerit
593 471 712 526 facunde
721 471 794 541 copia
806 471 915 543 lingue.

342 565 475 633 Grataque
486 561 652 632 simplicitas,
666 558 845 630 mobilitasque
858 560 923 625 riri;

311 659 366 711 Nec
377 655 457 708 dulcis
469 672 620 724 quanquam
633 654 660 705 in
672 650 788 705 minimis
799 651 926 720 sapientia
938 652 1033 717 rebus,

347 747 416 815 Qua
428 744 480 797 rim
490 763 545 797 non
557 742 639 813 rigide
651 741 822 812 praecipientis
834 739 933 806 babet,

313 838 349 891 Et
359 833 485 906 quidquid
499 833 581 905 longis
592 834 633 886 rix
645 832 737 887 suadet
749 830 850 886 Grada
862 830 965 887 chartis.

346 930 407 983 Non
419 926 469 979 alio
482 925 591 994 Delphis
601 923 692 978 Delius
706 942 752 976 ore
763 924 841 976 canit.

314 1017 396 1088 Quod
409 1026 542 1086 superest,
557 1017 691 1080 Fortuna,
702 1012 779 1080 fava,
791 1013 837 1069 sed
848 1013 1069 1081 latamimtt,

347 1109 383 1161 Et
395 1107 509 1179 pluviam
528 1105 581 1159 caeli
592 1104 703 1157 discolor
711 1122 785 1159 actas
796 1102 858 1173 agit.

315 1200 443 1266 Eloquar,
456 1216 490 1248 an
501 1196 590 1248 sileam
600 1197 612 1248 ?
623 1196 744 1267 lacrymer
756 1212 803 1248 sna
812 1194 892 1247 rerba
901 1205 1056 1248 morantur:

347 1291 486 1358 Verbaque
497 1308 557 1343 cum
571 1288 690 1357 lacrymis
701 1289 780 1340 mixta
790 1286 869 1343 tuisse
880 1286 977 1340 serunt.

313 1383 368 1436 Nec
379 1379 459 1448 magis
471 1388 515 1430 aut
529 1376 682 1443 Cremerae,
695 1377 780 1432 Ticini
792 1388 836 1433 aut
848 1394 913 1431 casa
923 1377 1061 1445 iuventus,

345 1474 400 1525 Aut
409 1469 495 1525 clades
504 1470 606 1539 superb
618 1469 669 1522 ulla
683 1468 805 1538 pudenda
816 1468 884 1522 luit:

312 1564 368 1619 Nec
377 1563 460 1633 magis
470 1560 614 1615 infaustum
625 1560 719 1615 Rome
730 1558 780 1613 luit
791 1558 858 1613 Allia
868 1576 978 1615 numen.

339 1654 414 1709 lnter
426 1650 558 1707 Ceam
569 1648 624 1705 ¹atra
634 1651 670 1705 sit
679 1648 723 1703 illa
736 1648 807 1705 diesi

313 1744 421 1799 Finibus
435 1743 463 1797 in
476 1742 617 1817 Scythicis,
630 1742 751 1811 ultraque
762 1740 904 1795 binominis
916 1739 993 1803 latri,

344 1834 391 1888 llle
405 1845 464 1887 tuus
475 1832 622 1904 quondam,
633 1832 750 1903 perlide,
762 1832 852 1887 doctor
862 1830 921 1885 erit.

313 1928 371 1980 Non
383 1927 475 1978 Venus
485 1925 535 1979 hoc
547 1934 622 1978 natos
634 1924 667 1978 de
678 1942 705 1977 se
716 1942 820 1994 sperare
831 1922 939 1991 jubebar
950 1961 958 1990 ,

343 2016 478 2069 Ardorum
490 2014 617 2084 genitrix,
633 2013 835 2084 AEneadumque
847 2000 963 2084 parens·¹

313 2108 440 2160 Tristibus
451 2105 493 2158 hic
504 2105 582 2176 elegis
591 2105 702 2175 patriam
713 2105 824 2174 plorabit
836 2105 968 2159 ademtam
979 2145 986 2170 ,

342 2198 397 2250 Nec
408 2195 488 2248 Ponti
497 2195 608 2263 gelidam
620 2194 790 2249 dissimulabit
806 2196 928 2249 humum.

313 2286 409 2355 Qualia
423 2285 524 2339 deserta
537 2285 682 2339 Philomela
694 2285 742 2339 snb
752 2286 861 2351 arbore,
874 2287 942 2339 natis

342 2376 416 2431 Orba
427 2386 535 2444 repeme
546 2377 615 2440 suis,
626 2384 671 2427 aut
682 2375 802 2442 viduata,
816 2377 897 2445 gemit
908 2397 916 2439 ς

313 2468 408 2538 Qualia
420 2466 550 2521 Maeandri
561 2467 636 2520 toties
647 2465 781 2520 redeuntis
793 2469 821 2520 in
833 2467 928 2532 undis,

345 2562 400 2613 Aut
412 2559 498 2622 canit,
511 2568 555 2611 ant
568 2557 667 2624 fertur,
681 2559 734 2626 jam
745 2559 902 2624 moriturus,
915 2557 980 2610 olor.

312 2652 364 2706 Hic
374 2651 419 2704 tart
428 2651 611 2703 immemorem
624 2649 761 2718 distringet
773 2668 879 2703 carmen
894 2651 921 2703 in
935 2650 1013 2705 lbin:

347 2739 496 2794 Archilochi
509 2738 571 2792 diris
585 2738 689 2807 ‹lignior
701 2739 743 2791 ille
753 2738 810 2792 luit.

313 2832 438 2884 Dixerat:
450 2830 594 2898 ingemuit3
608 2838 700 2884 vocent
711 2840 821 2884 tenuere
833 2838 944 2885 aeroma.

345 2923 403 2975 Flet
414 2923 506 2973 Venus
518 2920 670 2987 admonitu,
682 2922 729 2975 llet
739 2921 806 2975 male
817 2932 904 2990 gratus
920 2924 1010 2976 Amor.

315 3010 429 3064 indoluit
444 3010 557 3064 Phoebur
567 3030 574 3063 t
585 3012 747 3081 sublectaqne
761 3011 839 3064 rerba
849 3012 931 3065 sorori

348 3099 473 3166 Rettulit,
489 3112 549 3154 ante
561 3102 649 3155 oculos
660 3102 728 3155 visus
741 3102 826 3155 adesse
838 3142 845 3168 ,
857 3101 930 3155 mibi.

312 3191 388 3245 Dicta
399 3191 453 3244 dies
467 3192 575 3259 aderat,
589 3194 735 3261 primasque
748 3194 851 3245 Aurora
862 3192 981 3245 tenebras

346 3282 488 3350 Purpureis
501 3283 621 3336 nondum
632 3294 686 3336 tota
698 3285 832 3352 premebat
843 3283 922 3352 equis.

315 3373 370 3441 lpse
383 3372 472 3425 Deum
483 3373 551 3439 vidi,
564 3392 611 3427 seu
624 3384 699 3428 tactu
713 3375 808 3428 mentis
819 3376 921 3443 imago,

344 3463 397 3517 Seu
407 3483 514 3518 somnus
525 3464 606 3519 luerit
618 3484 624 3517 :
637 3485 686 3519 nec
698 3478 762 3535 puto
773 3484 880 3520 somnus
892 3478 956 3520 erat.

312 3555 384 3608 bava
395 3555 446 3609 Dei
459 3567 589 3627 myrtum,
605 3557 747 3627 dilectaque
760 3569 827 3610 serta
840 3559 945 3627 gerebat
956 3581 963 3621 3

344 3644 527 3716 Compositum
538 3645 633 3700 fidibus
645 3646 735 3700 dextra
748 3647 853 3701 tenebat
864 3646 937 3700 ebur.

312 3736 467 3805 Iritoreaque
479 3754 602 3805 premens
613 3737 704 3792 leviter
717 3757 775 3790 mea
786 3749 904 3807 tempora
917 3748 1019 3809 myrt03

341 3827 420 3879 Sacra
431 3826 486 3879 dies
496 3826 551 3881 haec
564 3840 617 3895 est,
631 3840 658 3882 ct
668 3828 821 3883 celebranda
833 3830 896 3896 tibi,

308 3917 385 3970 Sacra
396 3915 467 3982 dies,
482 3917 582 3987 inquit,
596 3936 653 3989 que
665 3921 780 3989 primum
793 3920 854 3975 luris
866 3924 892 3973 in
906 3940 980 3975 auras

340 4006 471 4060 Nasonem
485 4010 601 4077 populis,
616 4022 643 4065 et
655 4010 716 4076 tibi,
730 4011 832 4079 Roma,
847 4013 913 4066 tulit.
