2768 4694
159 337 227 422 ,οι
326 314 329 322 ’
492 337 529 402 r.
557 333 735 404 ov1n11
759 335 891 401 vira

155 476 358 579 adpulisset,
383 504 419 551 ac
435 476 501 551 hoc
520 475 668 578 inportu
691 477 820 564 navim,
849 502 914 576 qua
936 472 1003 546 huc
1026 489 1227 548 transvectus

154 597 279 697 luerat,
301 593 506 696 reliquisset,
525 593 680 668 Isthmum
698 592 948 667 Corinthiacum
963 589 1108 692 pedibus
1125 608 1227 666 trana-

158 709 240 800 ivit,
265 727 366 811 atque
385 706 548 783 Cenchreis
561 707 657 782 aliam
675 707 836 783 desumsit
853 706 1004 780 carinam.
1032 706 1113 779 llaec
1131 705 1228 781 doce-

157 817 233 902 tuur
247 856 286 902 ex
305 826 407 901 Trist.
426 825 484 901 lib.
505 829 539 914 1,
558 825 650 923 Eleg.
671 845 730 914 ιι,
749 823 956 899 collatarum
973 822 1066 920 Elog.
1085 845 1120 898 x.
1134 821 1226 897 lllam

159 946 246 1022 euim
264 944 312 1019 sic
329 944 483 1020 orditur:

326 1090 374 1144 Fst
386 1089 466 1156 milri,
479 1089 578 1159 sitque,
591 1109 698 1158 precor,
710 1089 785 1143 ssave
796 1090 877 1143 tutela
892 1089 1022 1143 Miner-rae

358 1185 458 1245 Narin
468 1190 496 1234 et
508 1200 523 1233 a
536 1181 603 1250 picta
616 1178 712 1234 casside
724 1198 823 1234 nornen
837 1180 933 1245 habet,
946 1189 993 1232 etc.

162 1301 246 1373 Mox
260 1328 345 1374 vers.
364 1326 403 1399 9,
421 1295 535 1373 addit:

324 1446 372 1501 llla
385 1447 554 1500 arundineis
565 1444 681 1514 primum
695 1443 760 1497 mihi
773 1444 876 1515 cognita
891 1446 1011 1498 Cenem
1022 1448 1049 1511 ¹,

360 1536 425 1590 Fida
438 1544 528 1589 manet
539 1534 649 1605 trepide
662 1534 766 1604 duxque
776 1554 917 1605 comesque
928 1535 1015 1606 luge,
1030 1545 1080 1590 etc.

158 1654 273 1750 Elegia
284 1682 361 1728 vero
376 1676 400 1728 x
414 1652 453 1725 de
469 1670 617 1754 ternpore
629 1680 785 1740 monens,
803 1681 871 1753 quo
882 1652 976 1726 hicce
987 1651 1147 1730 Tristiuaa
1160 1656 1231 1757 pri-

160 1799 235 1845 mus
247 1768 333 1845 liber
345 1787 496 1845 exaratus
513 1768 576 1856 sit,
590 1768 638 1842 ait
652 1768 721 1867 ejus
738 1767 906 1870 Epistolas
919 1797 990 1845 esse
1006 1771 1228 1872 conscriptas,

160 1903 219 1961 aut
236 1885 270 1958 in
290 1883 406 1959 mediis
422 1884 582 1959 Adniitici
596 1893 608 1922 ²
628 1884 729 1958 maria
744 1883 858 1992 aquis,

324 2032 380 2085 dut
390 2043 528 2101 postquam
541 2035 660 2086 dinanno
671 2051 745 2086 cursu
756 2032 934 2101 superavimus
944 2034 1072 2099 Isidorou,

359 2125 501 2191 Attcraque
512 2134 551 2176 est
564 2135 658 2178 nostrae
669 2130 768 2192 sumpta
780 2127 869 2176 carr'rra
878 2122 953 2196 luge.

163 2240 248 2337 Qua
262 2257 302 2315 ut
317 2239 422 2336 magis
437 2237 663 2328 illustrentur,
687 2268 791 2341 pauca
813 2239 867 2314 hic
884 2241 1060 2319 adnotasse
1084 2244 1229 2318 nouerit

162 2354 289 2430 inutile.
308 2355 442 2431 Scilicet
463 2385 566 2458 quum
587 2355 753 2430 Corinthus
779 2375 864 2430 esset
883 2358 988 2458 posito
1007 2359 1038 2431 in
1055 2361 1226 2459 angustiis,

162 2488 251 2575 atque
266 2473 298 2546 in
300 2473 449 2575 saucibus
465 2473 613 2559 Gracia,
631 2471 689 2557 sic,
706 2487 741 2544 ut
759 2487 840 2544 terro
856 2472 1012 2547 claustra³
1031 2474 1168 2551 locorum
1184 2493 1230 2553 te·

164 2604 262 2674 neret,
284 2604 317 2662 et
330 2589 392 2663 dno
413 2586 426 2634 ⁴
446 2588 544 2663 rnarr'a
564 2586 660 2686 (scil.
690 2587 768 2661 hinc
788 2588 932 2675 Ionium,
958 2588 1034 2664 inde
1054 2591 1229 2693 ΑΕμιιιιι)

164 2706 296 2780 mancine
307 2707 494 2807 nauigatione
511 2702 523 2744 ⁵
541 2703 756 2805 disersapoenc
767 2706 975 2806 conjungeret,
991 2735 1084 2808 quum
1091 2708 1233 2808 pertesi

198 2899 206 2927 ¹
225 2894 296 2948 Male
310 2894 439 2950 Ciolanus
452 2895 520 2950 liano
530 2894 672 2949 lectionem
685 2894 803 2951 sollicitat
815 2935 822 2964 ,
844 2916 873 2950 ac
893 2896 965 2950 istius
982 2897 1051 2951 vocis
1068 2897 1128 2952 loco
1146 2916 1231 2969 repo-

164 2978 285 3032 nendum
303 2984 376 3032 terris
396 2978 549 3045 contendit,
567 2979 639 3048 quasi
657 2980 728 3035 Naso
740 2999 795 3034 non
810 2980 943 3041 cenchris,
963 2980 1008 3034 sed
1021 3000 1035 3034 a
1046 2981 1106 3035 sinu
1124 2979 1231 3036 Corin-

166 3060 251 3116 thiaco
263 3061 416 3130 discedens,
430 3073 525 3134 prater
535 3062 748 3133 Peloponnesum
757 3063 908 3133 navigasset.
917 3065 1008 3134 Quam
1020 3065 1172 3135 opinionem
1183 3083 1230 3119 re·

166 3147 275 3201 vincunt
287 3166 345 3217 quse
356 3146 479 3217 deinceps
490 3157 620 3200 notamus.

196 3240 208 3269 ²
225 3238 290 3307 Quo
308 3239 416 3293 nomine
436 3237 557 3310 intelligit
577 3239 650 3293 diurn
667 3239 796 3308 Superum,
816 3240 920 3310 proprie
941 3242 1100 3296 Adriaticum
1122 3257 1231 3311 quoque

167 3321 285 3390 dictum,
298 3322 336 3377 uti
352 3331 380 3377 et
396 3325 511 3388 Ionrunr,
527 3323 612 3377 Strab.
630 3323 674 3378 lib.
691 3323 777 3391 Vlll,
790 3342 847 3394 pag.
865 3325 920 3389 488.
945 3323 1016 3378 Licet
1039 3323 1072 3378 ad
1095 3326 1233 3380 &mnas

166 3419 270 3463 montes
283 3407 414 3462 desineret
424 3428 498 3463 mare
512 3411 689 3473 Adriaticum,
706 3428 736 3463 ae
747 3410 873 3479 inciperet
884 3407 945 3463 inde
962 3414 1073 3476 Ionriunr,
1087 3421 1117 3466 ut
1136 3412 1247 3494 Nosne,

165 3494 245 3549 etiam
258 3504 348 3559 vocat,
361 3492 441 3547 Trist.
453 3493 496 3548 lib.
508 3496 537 3562 l,
551 3494 624 3568 Eleg.
635 3511 671 3549 111
683 3515 690 3550 ε
701 3494 754 3549 vid.
765 3516 821 3567 pag.
834 3496 944 3567 praeced.

199 3582 210 3616 ³
227 3583 329 3639 Velleio
348 3601 452 3654 quoque
462 3584 506 3638 lib.
517 3585 544 3652 l,
556 3605 610 3658 cap.
620 3586 654 3651 3,
668 3583 814 3640 Corinthus
828 3586 923 3642 dicitur
935 3588 1054 3642 Claustra
1066 3589 1236 3657 Peloponnesi

166 3673 302 3723 continens.

198 3759 209 3796 ⁴
227 3760 299 3813 Hine
313 3757 457 3814 Corinthus
469 3760 581 3831 antiquis
592 3761 660 3815 dicta
673 3764 789 3824 denaris,
813 3761 853 3816 nti
870 3762 998 3830 Horatio,
1010 3762 1053 3816 lib.
1063 3761 1076 3816 1
1086 3803 1094 3830 ,
1106 3763 1161 3818 od.
1174 3777 1232 3830 vu,

166 3862 195 3897 ac
205 3840 319 3909 Ouidio,
337 3841 405 3897 Fast.
417 3843 461 3897 lib.
477 3843 528 3911 1v,
540 3863 605 3898 veis.
622 3848 678 3899 501.
697 3842 772 3912 Quin
784 3853 811 3897 et
829 3846 940 3898 Isthmus
949 3846 1002 3915 ipse
1014 3849 1119 3900 bassaris
1136 3847 1233 3901 Nostro

166 3937 287 3992 vocatur,
307 3943 362 3980 non
380 3925 466 3980 solum
484 3946 515 3981 ea
539 3926 611 3996 Eleg.
635 3925 726 3994 x,lil›.
739 3927 772 3993 1,
786 3927 832 3980 sed
854 3937 880 3981 et
899 3928 1009 3983 Metam.
1027 3927 1070 3982 lib.
1090 3928 1148 3995 Vl,
1167 3947 1234 3984 vera

165 4012 227 4082 419,
240 4014 303 4077 iao,
317 4019 366 4063 etc.

198 4100 209 4134 ⁵
225 4100 284 4170 Sic,
298 4120 353 4155 oon
364 4121 428 4157 vero
438 4106 609 4171 narr'putiont,
621 4099 764 4171 legendnm
781 4123 875 4160 censeo
885 4125 893 4170 ;
913 4124 995 4175 quum
1006 4102 1145 4160 Ciceronis
1155 4122 1233 4160 nens
