2768 4694
155 325 197 410 ⁵4
538 322 828 411 excursos

155 463 378 567 philosophiae
400 465 508 538 omnis
527 469 682 562 ἀφροδίτην
700 470 747 535 καὶ
765 460 870 560 griptis
891 488 1007 533 vocare
1029 487 1101 532 non
1126 458 1225 531 dubi·

156 580 256 666 tavit,
275 580 434 679 cujusque
449 580 668 654 eruditionem
685 580 805 652 Petrus
819 574 970 651 Nannius
986 573 1085 646 initio
1103 571 1163 646 lib.
1181 575 1224 662 V,

154 693 330 769 Miscellun.
345 694 474 788 magnis
485 693 642 769 laudibus
658 692 806 779 extollit,
824 691 890 765 hoc
905 686 1103 791 opuseulum
1115 706 1226 763 extre·

155 809 218 885 mis
228 808 341 905 digitis
352 809 471 905 attigit.
486 811 614 885 Deinde
630 814 652 884 J
654 811 778 885 acobus
791 806 946 909 Micyllus
956 804 1225 902 Argentiuensis,

157 945 311 1002 accurato
328 928 379 1000 vir
395 928 547 1023 ingenio,
567 927 693 1030 aliquas
708 927 955 1002 observationes
974 923 1125 1011 addidit,
1146 923 1227 1024 qui-

155 1044 221 1119 bus
246 1072 314 1119 non
340 1044 537 1119 mediocrem
556 1045 684 1120 laudem
708 1046 836 1120 meruit.
867 1045 932 1117 Hic
959 1041 1087 1143 Micylli
1103 1068 1228 1115 nomen

158 1163 308 1251 retinuit,
328 1164 418 1264 quod
437 1193 520 1265 puer
536 1165 618 1237 scite
635 1193 810 1264 personam
827 1164 948 1257 egisset
965 1160 1110 1262 Micylli,
1128 1160 1228 1235 unius
1278 1202 1283 1216 ·

158 1310 197 1357 ex
214 1280 509 1356 interlocutoribus
521 1283 556 1354 in
571 1281 702 1376 dialogo
720 1283 875 1368 Luciani,
893 1281 951 1383 qui
965 1268 1085 1380 ὀνειρος
1102 1289 1120 1361 s
1136 1266 1229 1355 ltet-

157 1403 250 1496 τρυὼν
262 1397 472 1471 inscribitur:
486 1395 727 1469 ovidianomm
740 1415 850 1471 autem
864 1426 1002 1497 operum
1019 1397 1229 1477 recensione,

160 1534 192 1588 et
214 1513 312 1586 variis
334 1509 472 1583 Luciani
498 1508 598 1583 latine
624 1511 791 1600 redditis,
817 1532 888 1589 turn
905 1514 1018 1614 poesi,
1047 1530 1079 1584 et
1095 1512 1230 1586 duobus

163 1626 383 1701 arithmetiees
405 1624 565 1720 logisticae
591 1624 701 1715 libris,
722 1628 881 1730 exemplis
894 1627 1073 1702 admodum
1088 1623 1231 1699 utilibus

160 1746 351 1831 illustratis,
370 1745 513 1818 nominis
529 1745 581 1818 sui
594 1745 692 1821 decus
706 1747 746 1821 ad
760 1743 1130 1848 posterospropagavit.
1146 1744 1231 1817 llei-

163 1859 324 1955 delbergae
344 1860 428 1933 obiit
445 1888 533 1932 anno
558 1859 672 1947 1558,
694 1857 818 1935 relictis
842 1858 976 1932 duobus
991 1856 1068 1931 liliis
1086 1856 1230 1957 disparis

163 1976 262 2052 sortis
274 2004 282 2048 :
295 1974 404 2050 Julius
415 1977 500 2049 enim
512 1974 722 2050 cancellarius
737 1975 800 2049 luit
809 1973 986 2060 ludovici,
1000 1971 1153 2047 electoris
1169 1973 1232 2045 Pa-

164 2089 258 2165 latini
271 2100 284 2177 ;‘
298 2089 379 2164 alter
397 2119 473 2163 vero
491 2109 598 2163 sartor
615 2107 684 2164 erat
698 2087 997 2182 Heidelbergensis.
1025 2089 1112 2161 Tum
1128 2088 1233 2159 Fran-

38 2258 40 2262 >
164 2204 271 2280 uiscus
287 2206 439 2280 Sanctius
452 2207 627 2279 Broceusis
640 2205 718 2278 huic
732 2204 851 2277 ebartae
861 2202 1044 2306 impalluit,
1060 2221 1093 2276 et
1105 2199 1232 2300 aliquid

164 2322 202 2394 in'
217 2349 287 2395 eam
303 2349 373 2394 non
390 2321 482 2421 parvi
499 2321 656 2396 momenti
673 2318 824 2393 contulit.
840 2321 1059 2394 secesserunt
1078 2316 1230 2412 Gregorii

165 2438 377 2525 Bersmanni,
392 2438 603 2512 Constantini
619 2437 793 2521 Fanensis,
805 2454 836 2509 et
850 2435 1003 2509 Herculis
1015 2433 1146 2510 Ciolani
1158 2432 1235 2508 Sul·

166 2557 334 2631 monensis
352 2555 493 2641 scholia;
511 2584 634 2654 eosque
653 2571 784 2627 secutus
800 2570 851 2625 est
867 2551 1013 2626 Didacus
1028 2551 1138 2626 Mesia
1154 2551 1236 2623 llis-

167 2671 331 2774 palensis,
361 2672 419 2771 qui
439 2671 527 2771 apud
553 2669 743 2742 Mexicanos
773 2669 874 2742 lndos
898 2667 961 2741 boc
988 2667 1176 2768 poemation
1200 2666 1235 2738 in

167 2790 349 2889 Hispanam
374 2786 520 2883 linguam
545 2784 711 2871 traduxit,
735 2801 768 2858 et
791 2785 1021 2858 annotationes
1046 2783 1236 2857 vernaculas

169 2901 304 3000 adjecit,
323 2901 428 2972 editas
448 2897 578 2999 Hispali
600 2926 687 2972 anno
711 2898 824 2986 1808,
852 2928 935 2999 quas
955 2900 1153 2972 humanitati
1179 2898 1236 2969 de-

169 3019 287 3092 bemus
298 3015 417 3089 Jacobi
428 3013 741 3099 Mantelli,bominis
751 3016 912 3118 exquisita
922 3016 1237 3090 doctrinaVidimus

173 3153 207 3208 et
223 3162 296 3234 quc
319 3136 465 3206 Joannes
489 3134 687 3232 Grejonius,
708 3135 853 3235 itemque
877 3135 1026 3209 Jacobus
1050 3135 1236 3208 Andrevius

173 3249 331 3338 Lutetiae,
352 3277 473 3343 magno
490 3248 729 3350 discipulorum
751 3250 889 3351 plausu,
907 3248 1046 3322 dictasse
1064 3247 1235 3335 leruntnr3

173 3365 228 3438 bie
242 3392 330 3438 anno
352 3364 466 3458 1584,
491 3363 544 3438 ille
566 3366 652 3466 1571
682 3396 690 3437 :
709 3365 818 3439 sedin
839 3365 905 3440 illis
922 3393 1030 3438 merus
1047 3364 1235 3449 Domitius,

174 3500 327 3583 praeterea
336 3481 429 3555 nibil.
443 3483 616 3556 Postremo
625 3480 775 3555 Valerius
784 3481 933 3556 Andreas
942 3481 1122 3565 Desselius,
1132 3480 1238 3581 pluri-

173 3627 226 3671 ma
235 3596 375 3671 lectione
385 3595 556 3685 exercitus,
563 3597 859 3698 nonpoenitendam
866 3626 999 3699 operam
1008 3597 1041 3669 in
1051 3598 1111 3670 bac
1121 3598 1238 3697 Sparta

177 3712 321 3786 ornanda
339 3712 529 3800 collocavit,
548 3712 645 3788 editis
666 3743 752 3787 anno
778 3713 870 3785 1618
890 3712 1114 3815 locupletibus
1137 3714 1236 3788 notis.

176 3829 243 3900 Nce
265 3830 335 3902 sine
358 3828 488 3929 piaculo
504 3846 692 3929 preteream
709 3831 893 3903 Antonium
910 3834 1052 3903 Urceurn
1071 3829 1238 3913 Codrum,

175 3943 296 4016 Janum
314 3945 546 4031 Parrhasium,
568 3943 733 4039 Angelum
750 3944 971 4034 Politianum,
990 3947 1154 4021 Andream
1177 3942 1236 4016 Al·

178 4060 316 4147 ciatnm,
332 4062 514 4162 baptistam
529 4061 645 4151 Pium,
662 4059 802 4137 Paulum
814 4065 1041 4165 Leopardum,
1058 4065 1239 4139 Adrianum
