2768 4694
640 363 768 433 lBIS.

160 507 237 580 Sive
255 504 433 606 peregrine
447 523 585 607 carpent
602 533 674 580 men
692 505 839 581 membra
857 504 1028 598 volucres3

211 623 286 696 Sive
302 650 376 696 meo
395 622 525 716 tingent
539 623 701 719 sanguine
717 643 827 699 rostra
844 622 915 724 lupi
931 653 940 699 :

164 739 236 813 Sive
254 736 375 838 aliquis
391 737 548 834 dignatus
565 737 629 814 erit
645 767 837 841 supponere
855 758 970 830 terre,

212 858 256 928 Et
274 855 350 929 dare
366 853 498 957 plebeio
516 883 639 958 corpus
656 855 755 930 inane
774 884 881 952 rogo:

165 971 341 1070 Quidquid
360 999 435 1058 ero,
455 971 583 1071 Stygiis
600 999 773 1073 erumpere
788 972 878 1046 nitar
893 973 935 1046 ab
955 973 1044 1062 oris,
1196 992 1241 1045 155

212 1088 258 1160 Et
277 1087 410 1159 tendam
429 1086 554 1180 gelidas
570 1086 661 1162 ultor
675 1089 710 1161 in
728 1117 787 1163 ora
801 1116 931 1162 manus.

164 1204 222 1276 lile
239 1201 383 1297 vigilans
400 1228 538 1276 cernes:
554 1203 660 1278 tacitis
674 1232 738 1299 ego
756 1206 866 1279 noctis
881 1206 918 1278 in
933 1205 1061 1279 umbris

214 1317 392 1390 Excutiam
411 1345 560 1403 somnos,
579 1318 669 1394 visus
684 1319 815 1408 adesse,
834 1336 922 1396 tuos.

166 1433 322 1532 Denique
334 1432 494 1533 quidquid
511 1460 610 1529 ages,
627 1452 704 1509 onte
721 1463 760 1509 os
778 1436 964 1538 oculosque
981 1435 1121 1523 volabo,

213 1553 259 1624 Et
275 1578 411 1652 querar,
427 1569 461 1625 et
477 1551 571 1626 nulla
587 1552 664 1628 sede
681 1556 814 1654 quietus
832 1556 906 1630 en's.
1196 1577 1242 1626 160

165 1669 310 1743 Verbera
330 1686 419 1742 torta
436 1667 567 1743 dubunt
582 1670 753 1757 sonitum
771 1698 927 1770 nexaque
945 1668 1091 1744 colubris

215 1787 356 1860 Conscia
373 1786 553 1861 fumabunt
568 1813 700 1888 semper
712 1787 753 1860 ad
771 1816 829 1862 ora
847 1788 944 1862 saces.

167 1906 231 1980 His
246 1893 338 1980 rivus
354 1905 450 1979 furiis
464 1905 652 2001 agitabere,
665 1923 818 1979 mortuus
833 1906 962 1995 isdem

216 2022 260 2093 Et
275 2020 411 2095 brevior
428 2050 525 2122 poena
542 2021 609 2095 vita
624 2021 737 2095 futura
754 2037 811 2094 tua
825 2038 887 2096 e'st.

167 2143 237 2214 Nec
253 2141 316 2214 tibi
330 2140 525 2236 contingent
540 2139 642 2213 funus
657 2136 874 2240 loc'rymaeque
892 2157 1043 2226 tuorum;
1196 2159 1242 2212 165

217 2255 468 2358 Indeploratum
483 2256 656 2356 projiciere
668 2272 783 2355 ceput.

169 2425 225 2468 tem
238 2434 291 2470 esse
307 2412 466 2468 solutionem
485 2412 580 2467 anima
593 2433 608 2466 a
620 2431 679 2467 cor·
726 2410 840 2477 Roscio,
854 2409 931 2466 dicit:
943 2432 956 2458 s
969 2411 1058 2466 Nolite
1072 2423 1182 2483 putare,
1195 2431 1242 2468 eos

170 2511 253 2560 pore:
272 2496 282 2546 ὅ
298 2494 401 2551 θάνατος
416 2497 481 2551 λύσις
502 2498 543 2545 καὶ
561 2494 679 2563 populeis
727 2490 772 2560 qui
782 2489 880 2559 aliquid
890 2491 970 2562 impie
979 2492 1157 2562 scelerateque
1168 2512 1240 2546 com·

174 2585 250 2641 ψυχες
261 2574 304 2626 izei
317 2576 429 2639 σώματος.
728 2571 876 2636 miserunt,
891 2572 981 2640 agitari
994 2582 1021 2625 et
1036 2572 1179 2641 perterreri
1195 2583 1243 2628 tc-

206 2653 260 2702 151.
276 2653 542 2718 Volucresperegrcirae.
554 2647 679 2704 Vultures
728 2647 768 2701 dis
776 2646 930 2701 ardentibus
943 2667 1004 2701 :sua
1013 2667 1145 2717 quemque
1154 2648 1240 2717 fraus,

171 2727 336 2781 habebantur
353 2747 411 2782 aves
429 2727 593 2797 peregrine,
606 2725 679 2795 qussi
727 2745 789 2780 suns
808 2745 885 2779 error
906 2727 1021 2778 maxime
1044 2736 1119 2778 rent
1137 2745 1143 2779 :
1162 2745 1240 2780 suum

173 2828 205 2860 cx
223 2808 308 2860 alieno
323 2809 385 2861 orbe
399 2809 541 2863 venientes.
558 2806 639 2860 Unde
651 2817 679 2859 et
729 2825 861 2876 quemque
873 2806 956 2871 scelus
965 2807 1058 2876 agitat,
1071 2807 1240 2879 amentiaqde

171 2883 247 2938 bellis
260 2884 375 2938 civilibus
390 2897 519 2940 venerunt
531 2905 591 2939 ares
605 2904 679 2938 nan·
729 2881 816 2936 adficis
827 2903 833 2936 ε
844 2903 897 2937 susc
908 2884 983 2936 male
993 2883 1163 2952 cogitationes
1175 2904 1240 2938 con·

170 2982 252 3032 quam
265 2972 341 3015 antea
353 2963 431 3026 risse,
445 2965 526 3032 specie
544 2962 623 3034 paulo
637 2962 680 3015 in-
728 2962 895 3031 scientisque
909 2964 989 3016 animi
1003 2975 1119 3019 terrent:
1131 2976 1241 3018 cresunt

169 3040 363 3107 fraeolumbas,
378 3059 444 3110 quas
453 3039 680 3111 adpellabantBe-
727 3040 814 3110 impiis
838 3041 953 3096 adsidue
973 3042 1173 3112 domesticisque
1192 3043 1241 3096 lu-

169 3125 279 3173 !n'estes.
727 3119 774 3172 rie
784 3158 792 3185 ‚
804 3138 862 3188 que
874 3118 929 3173 dies
941 3131 1083 3190 noctesque
1098 3130 1240 3190 parentum

206 3197 261 3250 rba.
276 3199 386 3251 Verbere
401 3216 476 3251 sm.
497 3197 682 3250 verteram
728 3216 818 3267 poenss
835 3219 849 3252 a
867 3199 1069 3253 sceleratissimis
1084 3198 1142 3254 liliis
1157 3219 1240 3271 repe-

170 3275 263 3343 prime
273 3275 404 3328 editiones
415 3285 442 3328 et
452 3285 508 3328 tres
519 3273 680 3342 scripti3re-
728 3288 821 3332 tanta·
933 3315 937 3321 -

168 3365 211 3406 cte
222 3371 231 3405 t
241 3352 375 3419 Tibullus,
387 3353 430 3406 lib.
440 3354 470 3420 l,
484 3352 559 3420 Eteg.
567 3366 611 3416 vt,
629 3353 678 3418 βε
764 3355 817 3407 ι65.
827 3355 881 3407 Nec
890 3359 1078 3423 t1'be'coutr'uget.
1093 3358 1243 3424 Cossium!

170 3455 183 3480 κ
195 3452 338 3488 necem-ean
347 3434 561 3497 Fla-mommo
567 3430 680 3485 demens
726 3433 858 3487 nonnulli.
868 3435 1050 3489 tt-Necu'ti
1055 3441 1239 3505 contingente.

167 3511 277 3566 verbera
287 3522 359 3566 torta
366 3512 441 3566 timet
451 3531 458 3575 ς
469 3533 482 3557 ¹·
495 3509 568 3579 Eteg.
576 3525 622 3576 11,
637 3527 680 3561 n:
727 3510 934 3566 Acerbissimum
948 3512 975 3565 id
989 3513 1120 3567 veteribus
1135 3514 1240 3580 risum,

170 3612 184 3636 κ
196 3591 294 3645 intorto
306 3592 417 3645 verbere
428 3601 504 3658 terga
514 3607 570 3642 seca
581 3609 589 3652 ;
600 3609 615 3635 s
626 3586 680 3641 se·
727 3590 748 3645 si
761 3589 901 3659 sepulture
913 3589 1014 3644 bonore
1027 3602 1156 3646 carerent.
1167 3592 1240 3645 Hinc

171 3686 234 3721 neca
248 3669 365 3742 lbyeste
382 3689 389 3723 ε
405 3691 421 3715 α
437 3665 514 3737 Quid
532 3685 578 3720 ora
592 3676 680 3720 terres
727 3678 785 3734 est,
806 3667 877 3737 qnod
892 3668 1010 3722 exsilium
1023 3688 1101 3723 suum
1114 3669 1241 3741 deprece-

173 3745 278 3800 verbere
287 3759 329 3813 ,et
340 3747 504 3802 tortosleros
513 3744 681 3799 ttinarisan-
727 3759 772 3803 tur
788 3749 875 3816 Naso,
890 3749 933 3803 hb,
949 3749 990 3804 lll
1004 3750 1085 3805 Trist.
1103 3749 1175 3819 Eleg.
1189 3765 1240 3814 ιιι,

172 3821 254 3889 guest
264 3844 277 3867 ι
288 3835 314 3876 et
324 3825 422 3879 Medea
431 3845 438 3878 ε
447 3847 461 3871 «
471 3823 562 3894 anguis
573 3840 680 3877 excusso
730 3830 763 3895 40
776 3847 783 3881 :
795 3849 807 3873 α
817 3827 976 3897 Depositum
988 3848 1038 3883 nee
1050 3848 1093 3883 me
1105 3829 1149 3898 qui
1165 3826 1240 3895 lleat,

169 3908 251 3954 sonat
263 3897 358 3956 Torius
367 3903 490 3975 flagell03
507 3925 521 3951 a
537 3901 596 3955 Val.
609 3901 678 3957 Flac.
729 3904 798 3958 ullus
810 3904 881 3959 erit?
896 3927 909 3952 s
927 3903 1063 3975 Optabant
1079 3905 1150 3959 enirn
1165 3905 1241 3974 prisci

172 3979 245 4032 Vlll
254 4019 262 4046 ,
282 3998 315 4032 ao
330 3998 336 4032 :
350 4001 363 4026 α
376 3983 459 4050 lude,
476 3982 680 4038 reluttortoln-
728 3985 764 4039 illi
780 3985 883 4053 sepeliri
897 4006 942 4052 se,
963 3984 1138 4040 morientibus
1153 3986 1241 4041 oculos

169 4056 370 4110 ciarrmerects
376 4055 491 4130 hello,
507 4060 646 4115 Prosilit.»
727 4062 831 4132 claudi,
846 4062 1213 4132 abamieislugcri.1)ssssu.

209 4136 263 4191 aba.
284 4140 407 4193 Conscia.
422 4139 518 4194 Cicero
533 4160 582 4211 pro
600 4139 681 4195 Sesto
763 4143 818 4199 166.
827 4145 969 4211 PmJi'cr'ere.
982 4140 1119 4214 Corpora,
1133 4163 1190 4214 quse
1201 4163 1242 4197 se·
