2768 4694
168 344 214 411 66
509 355 512 360 ’
559 339 831 410 EXCURSUS

163 486 240 561 Una
256 497 366 561 tamen
382 499 432 557 est
450 510 522 582 qua
545 481 585 556 ad
609 482 780 583 Hyginum
796 481 918 582 scripta
940 478 1090 568 videtur,
1109 509 1229 584 nempe

164 599 280 686 tertia,
299 597 341 671 de
356 596 476 679 Ponto,
504 594 560 669 lib.
579 597 643 668 lV:
661 596 801 671 amicum
817 596 906 670 euim
928 594 1102 695 quemdam
1119 613 1226 686 taxat,

163 731 197 788 et
213 742 289 791 eum
305 730 385 788 uota
402 711 543 786 levitatis
560 712 683 800 inurit,
711 712 821 814 qnod,
839 728 944 813 quum
961 739 981 785 a
996 709 1117 786 teneris
1133 713 1227 791 anuis

161 857 272 906 secum
289 829 476 905 'arctissimo
504 827 755 902 necessitudinis
783 825 917 903 vinculo
945 826 1080 924 junctus
1104 826 1226 919 luerit,
1263 898 1269 907 .

162 945 293 1025 undem
308 945 343 1019 iu
353 945 495 1020 ⁴adversa
511 942 643 1020 fortuna
653 971 723 1016 nou
733 942 918 1021 modoeum
933 941 1079 1030 deserat,
1095 943 1153 1019 sed
1166 973 1226 1020 ue·

163 1061 296 1164 quidem
307 1059 498 1158 cognovisse
508 1057 650 1134 simulet
661 1058 744 1157 Ejus
755 1076 805 1133 est
813 1059 966 1146 initium,
981 1057 1167 1161 Conquerar,
1185 1089 1225 1141 ar

160 1181 307 1251 mane?
323 1175 400 1270 Qua
412 1174 543 1275 quidem
558 1170 699 1275 epistola
710 1171 803 1246 facile
815 1170 1008 1255 crediderim
1020 1172 1173 1253 eumdem
1184 1175 1226 1250 ab

161 1291 285 1368 ovidio
293 1290 421 1376 notan,
439 1290 474 1363 iu
489 1316 586 1390 quem
599 1289 671 1389 ipse
682 1316 771 1363 nuuc
786 1288 962 1377 invehitur3
972 1316 1049 1364 nam
1059 1289 1153 1389 quod
1162 1288 1224 1371 aits

489 1473 495 1487 .
508 1474 514 1487 .
528 1474 551 1489 ..
569 1434 662 1488 Sedet
674 1435 798 1489 insultare
811 1435 907 1505 jacenti

356 1520 396 1575 Te
408 1519 471 1574 milri
482 1558 490 1586 ‚
503 1539 553 1574 nee
565 1519 651 1574 vertis
660 1538 766 1589 parcere
780 1521 851 1574 lama
863 1519 971 1587 referte

160 1656 307 1740 repetere
324 1639 455 1714 videtur
469 1639 504 1711 iu
521 1639 618 1727 lhin,
634 1639 701 1712 hoc
715 1636 818 1711 modo
835 1667 844 1709 ε

319 1786 489 1856 Vulneraque
501 1785 610 1839 immitis
620 1785 742 1854 requiem
754 1781 898 1852 querentis
911 1792 1001 1848 vexat,
1117 1814 1120 1819 ,

348 1871 441 1924 'lactat
452 1869 518 1922 etin
530 1879 584 1935 toto
594 1869 673 1924 verba
684 1867 778 1922 canina
788 1866 866 1930 tom
947 1905 950 1908 <

157 2005 191 2062 et
206 1986 307 2087 paulo
327 2004 404 2086 post
425 2016 433 2057 ε

321 2109 358 2161 At
370 2107 430 2168 tibi,
443 2108 543 2162 calcasti
555 2108 599 2176 qui
611 2125 670 2172 me,
684 2105 815 2170 violente,
828 2106 972 2175 jacentem,

352 2189 414 2256 Qua
426 2188 501 2254 licet,
514 2188 578 2242 heu!
590 2189 685 2240 misero
696 2186 799 2239 debitus
811 2187 891 2241 hostis
902 2206 957 2240 ero.

158 2308 253 2382 Hauc
273 2323 381 2378 autem
400 2305 534 2401 elegiam
553 2306 588 2376 in
606 2303 776 2404 Hyginum
790 2305 1008 2405 conscriptam
1024 2333 1094 2383 esse
1111 2309 1225 2383 verisi-

155 2403 233 2497 mile
250 2437 321 2509 est,
341 2451 445 2522 quum
462 2422 546 2504 enim
562 2421 694 2521 inquit:

320 2567 366 2621 llle
379 2587 428 2637 ego
438 2586 497 2620 sum
507 2606 514 2631 ,
526 2583 677 2633 quanquam
688 2583 743 2617 non
754 2567 792 2618 vis
804 2564 911 2630 audire,
924 2577 1022 2619 vetusta

353 2650 433 2703 Pone
445 2667 512 2718 puer
523 2666 605 2716 puero
616 2649 846 2715 juncturamicitie.
1002 2650 1004 2654 ’

156 2766 252 2838 Dixit
261 2791 369 2864 pane,
384 2764 477 2864 quia,
490 2760 572 2836 teste
582 2749 755 2855 Suetonio,
765 2764 922 2865 Hyginus
931 2765 1127 2840 Alexandria
1139 2793 1221 2866 puer

157 2879 310 2955 advectus
322 2896 400 2964 erat,
411 2897 444 2953 et
455 2877 580 2952 ovidio.
588 2878 940 2955 familiarissimusfuit.
952 2883 1081 2955 Rursus
1091 2882 1148 2953 ubi
1157 2884 1219 2954 sic:

325 3021 370 3075 llle
382 3042 431 3093 ego
443 3022 544 3092 judiciis
554 3024 631 3080 unica
642 3026 721 3080 Musa
733 3024 790 3080 tuis.

157 3124 256 3199 Illum
270 3125 417 3227 apprime
434 3123 613 3214 literatum,
627 3144 727 3228 atque
739 3126 834 3198 etiam
848 3126 997 3198 criticum
1011 3154 1080 3198 esse
1092 3126 1222 3215 innuit,

158 3239 287 3341 qualem
305 3239 407 3314 luisse
425 3236 555 3314 constat
572 3232 757 3342 Hyginum,
776 3241 869 3340 cujus
882 3241 917 3313 in
931 3241 1106 3335 Virgilium
1126 3245 1221 3318 Com·

156 3353 314 3427 mentula
331 3349 506 3427 laudantur
523 3353 565 3427 ab
581 3358 622 3428 A.
645 3351 766 3430 Gellio.
784 3356 860 3453 Jam
875 3384 952 3428 vero
970 3384 1070 3456 quum
1095 3355 1219 3432 nullam
1243 3406 1246 3407 ν

158 3469 246 3571 apud
273 3469 430 3544 Ovidium
451 3471 572 3573 apertis
595 3471 705 3548 verbis
731 3468 863 3574 Hygini·
878 3474 1076 3546 mentionem
1094 3472 1164 3547 fieri
1181 3475 1220 3549 li·

158 3607 276 3691 queat,
296 3587 472 3663 subortum
487 3589 637 3700 equidem
653 3580 740 3686 inter
754 3591 846 3690 ipsos
858 3577 1042 3664 ’dissidium
1062 3592 1219 3692 suspicari

157 3698 257 3791 licet,
275 3704 366 3804 quod
384 3704 536 3806 Hyginus
553 3696 665 3780 ovidii
682 3704 861 3780 exsulantis
876 3734 1029 3792 uxorem,
1045 3706 1089 3780 ob
1107 3708 1220 3809 pristi-

158 3851 235 3895 nam
259 3850 334 3895 cutn
358 3820 416 3894 illo
442 3824 713 3898 consuetudinem
736 3822 852 3924 procul
871 3825 974 3901 dubio
993 3827 1057 3900 sibi
1082 3828 1220 3900 notissi-

159 3966 268 4026 mam,
294 3935 468 4011 sollicitnre
490 3965 588 4013 ausus
612 3958 721 4028 esset,
748 3940 884 4041 ejusque
900 3943 1072 4018 facultates
1086 3946 1128 4015 ab
1150 3947 1219 4018 Au-

162 4071 278 4144 gusto,
303 4054 396 4152 cujus
412 4051 551 4128 libertus
570 4073 653 4143 erat,
671 4056 845 4158 impetrare
861 4082 1044 4137 conaretur.
1077 4062 1219 4135 Proinde
