2768 4694
158 327 223 409 aas
457 319 719 389 HERCULIS
745 317 966 388 morsui

318 462 383 515 Mos
391 460 462 515 italis
474 460 598 530 paulatim
610 459 707 512 adtrito
718 459 826 512 nemine
838 458 949 512 Suutto.
988 463 994 474 ’

318 548 448 617 Aequum
460 543 599 598 barbaricis
611 543 725 597 Satricus
735 561 795 596 cum
809 560 869 610 rege
882 540 992 593 catervis

319 624 468 691 Advectos,
479 646 531 695 quo
543 645 598 679 non
609 637 726 695 spretum
740 625 776 690 (si
789 635 908 694 posceret
919 621 999 691 usus)

318 711 431 766 Nosrere
444 709 546 764 Getulis
558 711 641 763 Latias
654 709 798 778 interprete
813 726 904 761 voces:

318 795 458 861 Postquam
471 810 544 861 posse
557 791 647 846 datum
662 790 769 860 Peligna
781 791 894 844 revisere
908 798 995 852 tecta,

318 879 354 932 Et
364 879 478 947 patrium
486 896 590 947 sperare
604 877 686 931 larem
699 914 706 927 .
717 913 739 927 ..
759 887 786 929 et
795 895 848 944 que
861 883 1002 942 sequuntur.

154 1012 206 1083 Ex
223 1039 290 1110 quo
306 1007 492 1105 colligimus
511 1008 703 1083 Sulmonem
722 1007 893 1080 conditum
917 1034 988 1081 esse
1012 1021 1089 1078 ante
1108 1004 1221 1078 urbem

157 1131 295 1202 Romam
314 1155 419 1200 anuos
435 1127 563 1200 circiter
579 1145 673 1201 0000.
699 1126 839 1226 Accipio
864 1142 973 1196 autem
990 1124 1135 1197 Romam
1160 1123 1225 1195 ori-

156 1244 262 1338 ginem
278 1243 409 1316 duxisse
421 1273 440 1315 a
451 1242 667 1341 Trojauismt
680 1242 804 1315 indicat
815 1238 1006 1324 Sallustius,
1017 1236 1220 1312 acuonuulli

157 1353 211 1428 alii
233 1373 391 1428 auctores.
411 1357 563 1428 Sottttto
581 1373 690 1428 antem
710 1357 857 1428 AEttttts
874 1350 973 1425 filiam
995 1379 1135 1424 uxorem
1154 1369 1221 1424 tra·

160 1469 267 1543 didit:
288 1487 431 1567 quatuor
451 1469 537 1541 enim
556 1469 657 1540 luisse
679 1469 790 1540 AEueae
807 1465 890 1540 filias
907 1464 1066 1559 legimus,
1084 1464 1226 1566 primam

157 1587 192 1657 in
202 1584 356 1670 Thracia,
367 1582 503 1657 alteram
511 1581 545 1654 in
558 1579 795 1682 Peloponesio,
809 1582 936 1654 tertiam
945 1581 979 1653 iu
990 1580 1093 1680 Epiro
1101 1598 1226 1680 nuptas

157 1700 310 1803 reliqnit3
325 1717 474 1800 quartam
488 1728 565 1774 vero
577 1697 727 1799 Solymo,
743 1697 801 1799 qui
813 1726 922 1771 secum
936 1697 1225 1796 eTrojavenerat,

159 1816 295 1890 tradidit
310 1846 317 1887 :
332 1815 437 1887 victor
448 1833 564 1917 postea
577 1815 611 1887 iri
620 1815 719 1889 Latio
733 1813 902 1914 Solymum
916 1840 990 1887 cum
1004 1829 1096 1914 parte
1108 1812 1226 1913 copia-

158 1958 231 2004 rum
253 1929 292 2010 ad
320 1931 450 2002 Marsos
472 1930 580 2016 misit,
605 1930 661 2030 qui
685 1928 801 2003 urbem
826 1927 860 2000 in
887 1927 1034 2023 Peliguis
1059 1927 1222 2026 fundavit.

159 2045 272 2117 Unum
282 2073 318 2117 ex
328 2043 603 2144 splendidissimis
612 2042 712 2118 ltalia
721 2043 1123 2143 municipiistuitutext.
1134 2040 1225 2117 Flori

160 2161 286 2245 verbis,
305 2190 376 2260 qna
389 2160 472 2234 inira
484 2189 620 2261 ponam,
635 2160 807 2262 perspicue
819 2160 964 2261 adparet.
980 2162 1030 2235 De
1044 2159 1222 2248 Sulmone,

161 2276 200 2356 de
217 2278 287 2375 ejus
304 2277 389 2364 situ,
409 2306 506 2376 quem
520 2306 607 2350 nunc
625 2305 756 2377 qnoque
770 2276 867 2377 plane
882 2277 997 2362 refert,
1013 2277 1122 2378 deque
1139 2305 1226 2352 cam-

160 2419 280 2491 porum
296 2408 435 2477 natura,
452 2419 490 2464 ac
505 2389 671 2464 fertilitate
685 2391 730 2463 ita
745 2394 886 2479 Noster,
903 2392 978 2464 Am.
995 2393 1047 2477 ΙΙ,
1070 2410 1157 2476 xvt,
1180 2417 1193 2461 1
1211 2419 1220 2462 :

324 2549 372 2602 Me
387 2568 444 2618 pars
456 2548 550 2602 Sulmo
564 2558 640 2611 tenet
650 2548 751 2617 Peligni
765 2548 935 2616 tertiarum,

354 2631 454 2695 Parva,
471 2628 516 2683 sed
530 2628 631 2698 irriguis
644 2647 689 2680 ora
702 2629 811 2682 salubris
821 2630 901 2698 aquis.

323 2710 368 2765 Sol
382 2710 441 2763 licet
453 2710 559 2766 admoto
572 2707 692 2762 tellurem
704 2708 789 2762 sidere
802 2709 903 2774 liudat,

272 2854 278 2874 1
357 2793 392 2846 Et
403 2793 482 2847 micet
495 2791 570 2845 lcarii
581 2791 653 2844 stella
666 2802 787 2860 proterva
799 2793 886 2855 canis3

325 2874 396 2926 Arva
407 2885 576 2942 pererrantur
589 2872 695 2942 Peligna
708 2873 865 2942 liquentibus
878 2873 970 2939 undis,
1086 2894 1089 2903 ·

359 2956 393 3008 Et
406 2958 472 3011 siret
483 2957 509 3009 in
524 2966 616 3009 tenero
627 2955 716 3010 fertilis
728 2959 810 3011 herba
822 2959 887 3011 solo·

327 3039 410 3093 Terra
421 3039 494 3093 ferax
509 3037 629 3106 Cereris,
643 3043 777 3109 multoque
788 3042 900 3095 feracior
912 3043 986 3108 uvis,

356 3122 411 3177 Dat
422 3140 525 3194 quoque
538 3123 693 3179 baccileram
705 3126 809 3180 Pallada
819 3147 892 3180 rarus
909 3147 978 3197 ager.

324 3206 429 3275 Perque
444 3219 609 3278 resurgentes
623 3210 684 3262 rivis
697 3210 841 3264 labentibus
852 3212 944 3264 lierbas

358 3289 518 3346 Gramineus
529 3292 662 3346 madidam
672 3312 760 3363 cespes
770 3295 909 3349 obumbrat
924 3295 1044 3348 humum.

165 3418 298 3492 Positus
312 3435 362 3491 cst
377 3416 491 3492 Sulmo
505 3420 539 3492 in
553 3419 660 3494 medio
679 3420 744 3494 lere
757 3420 905 3522 planitiei
920 3443 971 3495 xtt
984 3422 1113 3497 milliar.
1129 3450 1228 3497 mou·

166 3532 255 3606 tibus
269 3531 485 3618 circumdata,
497 3560 569 3633 qua
578 3533 700 3606 alicubi
710 3533 752 3606 ad
762 3535 823 3607 tria
834 3591 843 3621 ,
855 3534 976 3608 alicubi
990 3565 1067 3609 vero
1077 3536 1119 3609 ad
1132 3537 1230 3636 quin·

166 3675 229 3749 que
247 3646 346 3719 millia
363 3676 519 3747 passuum
536 3649 571 3720 iu
586 3647 791 3722 latitudinem
803 3650 1007 3734 extenditur;
1030 3668 1128 3751 atque
1142 3652 1230 3724 inter

166 3762 250 3837 duos
268 3792 396 3852 amnes,
424 3793 564 3865 quorum
583 3762 682 3853 alter,
702 3793 798 3864 quem
823 3785 946 3840 veteres
969 3766 1120 3867 Giptium
1141 3765 1228 3866 (qni

166 3907 202 3952 ex
218 3880 336 3952 Anicia
350 3908 453 3979 aqua,
471 3906 543 3978 qua
560 3897 672 3978 postea
687 3881 805 3953 Martia
817 3881 904 3955 dicta
916 3900 981 3968 est,
1001 3884 1152 3973 emanat)
1167 3908 1228 3952 vo-

165 4022 273 4082 casse,
292 3992 388 4067 multi
407 3987 555 4081 tradunt,
571 3994 614 4067 ab
632 3995 807 4095 Apennino
824 3998 942 4097 (cujus
954 4027 1043 4099 pars,
1063 3997 1227 4098 quadrato
