2768 4694
25 301 32 365 ³
154 332 219 415 410
402 323 641 393 nonnula
664 319 970 389 trnnnanm

153 466 341 552 Argumentis
359 489 366 526 :
389 487 443 528 ner
460 487 521 527 non
536 463 721 544 tropologiae
738 462 943 525 nonnullam
958 460 1135 524 Fabulam
1150 479 1229 522 enar-

154 570 267 631 ratione
283 566 363 626 Petri
379 564 509 640 Lauinii,
522 575 578 625 ete.
600 564 636 622 ln
661 561 718 622 fine
735 585 743 620 :
766 586 781 615 α
799 563 972 640 Impressum
997 561 1055 622 fuit
1075 561 1137 621 hoe
1161 580 1228 642 opus

154 668 290 751 Lugduni
308 667 442 744 impensis
463 665 579 726 bonati
599 664 655 724 viri
673 663 816 725 Iohann’u
828 663 960 726 Robioni
976 707 994 752 ‚¹
1007 684 1089 723 anno
1113 663 1229 723 Domni

156 765 307 825 millesimo
329 763 440 825 decimo
462 762 549 823 tertio
567 760 672 837 (sic),
690 771 790 841 quarta
808 759 853 821 die
877 759 1067 844 Septembris·
1089 786 1107 814 υ
1122 759 1231 820 in-iol·

156 897 197 914 -·
212 867 334 937 Pariter,
350 875 422 924 tom.
439 864 526 935 Vll,
544 883 608 943 pag.
620 857 691 934 304.

200 963 475 1041 Metamorphoseon
488 953 556 1020 'libri
575 981 640 1019 eum
653 969 809 1018 comment.
816 960 909 1037 Raph.
919 959 1016 1042 Regii.
1029 959 1170 1027 Venafri:
1182 978 1234 1038 per

158 1067 299 1129 Ioannem
316 1064 473 1123 Tacuinum
483 1061 521 1121 de
537 1060 669 1120 Tridino.
681 1059 950 1132 in-sot-Panzer,
961 1074 983 1122 t.
996 1057 1213 1138 V111‚p.412.

200 1169 246 1226 De
264 1161 407 1224 Tristibus
424 1159 491 1220 libri
506 1159 634 1241 quinque
651 1159 748 1220 denuo
765 1161 857 1220 revisi.
881 1163 916 1220 ln
933 1161 1009 1221 fine:
1030 1189 1046 1213 κ
1062 1164 1234 1238 Impressnm

159 1265 281 1323 Viennae
298 1259 456 1322 Pannoniae
473 1280 560 1337 opera
576 1258 700 1320 Hieron.
714 1256 840 1317 Victoris
857 1270 887 1316 et
900 1262 949 1320 Jo.
964 1257 1112 1340 Singrenii
1129 1258 1234 1319 Caico-

161 1362 345 1449 graphorum.
364 1357 504 1436 lmpensis
516 1377 586 1417 vero
603 1353 748 1416 Leonardi
759 1366 788 1416 et
802 1354 890 1417 Lucae
900 1357 1038 1418 Annon
1053 1356 1178 1419 fratrum
1191 1347 1236 1416 Ii-

162 1458 362 1537 bliopolarum.
379 1456 494 1517 Civium
506 1452 716 1516 Viennensium
730 1453 882 1514 undecimo
902 1455 1040 1517 calendas
1055 1455 1238 1521 Novemlris·

164 1560 255 1618 Anno
266 1558 312 1616 M.
324 1557 364 1615 Ι).
381 1556 483 1627 XIII,
500 1565 555 1616 etc.
574 1581 589 1606 »ι
607 1550 701 1625 irs-40.
713 1586 755 1599 -
768 1554 893 1626 Panem,
912 1566 984 1616 tom.
1001 1556 1073 1631 IX,
1087 1577 1158 1640 pag.
1177 1553 1220 1616 18.

205 1657 357 1718 Fastorum
372 1650 439 1713 libri
455 1673 504 1713 sex
523 1648 742 1733 diligentissime
759 1650 910 1737 recogniu'.
936 1651 1051 1715 addito
1073 1652 1237 1722 OEmduin

164 1757 299 1815 Romano
316 1750 487 1814 venerandae
500 1746 673 1823 vimentis.
689 1740 835 1832 nunquam
852 1761 934 1811 antea
946 1750 1102 1834 impresso.
1119 1751 1236 1821 hbe:

168 1883 183 1910 ιι
198 1858 374 1934 impressum
388 1851 512 1913 Vienna
528 1847 687 1913 Pannoniae
701 1869 753 1930 per
766 1847 888 1910 Hieron.
904 1849 1054 1913 Victorem
1066 1863 1100 1915 et
1109 1854 1154 1917 Jo-
1164 1851 1236 1913 Sin·

165 1952 306 2037 grenium.
326 1950 467 2029 Expensis
482 1970 552 2011 vero
571 1945 713 2007 teomrdi
727 1947 850 2008 Alanos
859 1947 962 2030 quinto
976 1951 1079 2013 Nonas
1096 1948 1240 2014 Octobris.

166 2052 257 2111 Anno
271 2048 333 2110 Dni
346 2050 505 2110 MDXIII·
519 2072 538 2102 o
553 2041 807 2116 itt-4⁰·-Panaer
820 2043 887 2106 ibid·
900 2048 989 2110 Deris
1005 2049 1111 2111 Wa‘ms
1122 2048 1241 2111 Buta

172 2149 276 2210 Gesch.
291 2169 356 2232 pag.
370 2171 421 2232 9⁰·
838 2164 841 2171 ‘
944 2173 945 2176 ¹
1099 2158 1102 2162 '

208 2251 358 2311 Pastorum
378 2244 443 2307 libri
460 2267 530 2319 sex,
547 2270 613 2308 cum
638 2250 811 2334 argumentis
832 2249 863 2308 in
879 2247 1018 2308 librorum
1034 2246 1167 2326 capitibus
1180 2248 1237 2308 asl-

170 2347 246 2410 ditis.
268 2348 392 2430 Lipsiae,
415 2366 467 2427 per
491 2347 650 2408 Martinam
674 2349 913 2431 Herbipolensem.
940 2344 1037 2419 in-L⁰.
1058 2347 1238 2420 -Pmer,

171 2462 242 2512 tom.
259 2449 344 2521 VII,
361 2467 430 2529 pag.
448 2441 516 2506 180.

212 2549 245 2609 P·
264 2548 304 2609 Ο.
321 2548 360 2606 Ν.
383 2544 455 2606 iiber
472 2545 506 2605 de
527 2545 617 2608 tribus
641 2544 752 2624 puellis.
771 2542 892 2607 Ovidius
909 2544 943 2606 de
959 2546 1052 2626 sagaci
1071 2544 1193 2617 unatim
1207 2545 1241 2606 de

173 2647 284 2709 Pnlice.
298 2644 464 2726 Pamphilus
480 2644 516 2705 de
536 2666 642 2708 amore.
657 2644 780 2706 Ovidius
798 2642 833 2704 de
847 2664 983 2717 nummo,
1001 2644 1036 2704 de
1058 2647 1182 2719 cuculo,
1210 2645 1244 2706 tle

172 2760 280 2807 ventre·
297 2743 427 2822 Epistola
443 2745 577 2804 amatoria
592 2766 609 2804 a
625 2743 774 2806 meretrice
790 2742 959 2820 conscripta.
978 2744 1111 2820 Epistola
1134 2745 1169 2805 de
1189 2744 1243 2806 nita

173 2842 280 2906 Ovidii.
296 2841 382 2903 1513.
394 2840 488 2913 Μ’.
507 2864 529 2901 s.
542 2843 562 2900 l.
580 2853 609 2902 et
622 2853 736 2925 typogr.
744 2842 908 2915 -'Panzer‚
918 2852 988 2903 tom.
1001 2844 1048 2900 IX
1060 2886 1069 2916 ‚
1088 2865 1157 2926 pag.
1176 2842 1242 2904 113.

214 2945 367 3004 Orationes
383 2942 531 3003 familiares
549 2955 578 3003 et
587 2942 794 3025 elegantissime
809 2964 842 3002 ex
855 2942 986 3004 ominbus
999 2946 1033 3004 P.
1048 2944 1150 3006 ovidii
1164 2944 1241 3006 titrts
1274 2955 1277 2959 ⁴

174 3041 303 3102 formate.
323 3040 402 3116 Quin
419 3038 503 3101 etiam
519 3061 616 3103 versus
638 3040 742 3124 integri
761 3053 862 3102 notatu
883 3040 962 3124 digni
981 3040 1106 3122 eiusdem
1121 3054 1238 3118 poeta,

174 3162 238 3198 cum
255 3139 435 3220 expositione
458 3139 662 3202 vocabulorum
687 3139 774 3222 magis
802 3139 957 3201 difficilium
978 3161 1028 3218 per
1043 3141 1241 3200 Humanum

173 3235 392 3297 Torrentinum.
409 3238 445 3298 ln
461 3236 517 3298 fine
533 3261 539 3297 :
554 3240 722 3316 «lmpresse
734 3239 858 3301 Colonie
871 3238 1083 3317 perMartinum
1094 3237 1242 3298 deWer-

173 3334 262 3406 dena,
280 3345 336 3395 etc.
357 3335 447 3398 Anno
458 3337 580 3399 Domini
600 3341 645 3400 Μ.
661 3337 794 3400 OECOC.
814 3342 903 3401 XJII.
916 3369 932 3396 s
950 3339 1041 3414 in-L⁰.
1053 3374 1095 3387 -
1111 3342 1243 3415 Pansa,

174 3442 245 3492 tom.
262 3431 309 3490 Xl
322 3473 331 3505 ‚
343 3453 409 3515 pag.
427 3431 497 3519 396.

663 3533 752 3608 1514.

213 3665 247 3725 P·
274 3666 312 3727 Ο.
330 3664 368 3724 Ν.
390 3663 556 3742 prrenlarum
580 3687 652 3742 opus
675 3666 711 3726 de
729 3688 808 3728 novo
830 3666 1026 3746 impressum,
1048 3678 1077 3726 et
1099 3688 1115 3726 a
1133 3665 1244 3727 mendis

173 3764 362 3846 castigatum,
380 3786 514 3825 unacum
527 3763 625 3849 figuris
639 3777 791 3840 ornatam,
807 3765 838 3824 in
853 3787 910 3847 quo
928 3767 1117 3829 continentur
1131 3767 1163 3827 hi
1180 3763 1244 3827 libri

173 3864 302 3945 partiales
316 3889 323 3923 :
336 3865 422 3926 Liber
436 3865 597 3927 Heroidum
613 3868 767 3944 Epistolar.
779 3865 850 3928 liber
861 3868 994 3950 Sapphus
1008 3911 1016 3940 ‚
1034 3868 1105 3930 liber
1116 3867 1148 3928 in
1166 3868 1245 3940 ibin,

174 3987 239 4025 cum
252 3965 431 4043 expositione
443 3965 552 4048 vulgari
577 3967 649 4029 Ant.
668 3967 788 4043 Volsci,
804 3968 939 4030 Ubertini
962 3968 1069 4030 Clerici
1097 3969 1246 4029 Crescent-

174 4064 295 4126 Domitii
308 4064 453 4126 Calderini
468 4077 498 4129 et
511 4065 580 4130 Jod·
590 4067 671 4129 Badii
681 4067 865 4152 singularium
881 4071 1079 4152 interpretum.
1090 4100 1107 4125 a
1121 4071 1244 4132 Venun-
