2768 4694
426 381 492 447 ΕΤ
519 320 938 449 nssntcATtortEs.
1154 380 1218 445 323

315 519 366 574 Sex
377 536 426 588 ego
438 517 579 572 Fastorum
590 515 695 584 scripsi,
713 515 876 586 totidemque
886 514 1004 582 libellos,

349 609 472 681 Cumque
481 629 530 665 suo
542 608 625 663 finem
636 628 726 664 menae
736 608 838 664 tibanus
849 608 944 663 habet:

266 717 269 721 ’
316 700 401 772 quue
414 711 460 755 tuo
470 719 557 771 nuper
567 700 693 770 scriptum
704 700 753 754 sub
763 699 889 768 nomine,
902 697 1010 767 Cesar,

289 780 299 817 ³
341 791 385 846 m
396 788 445 846 cni
454 799 586 847 uentum
596 809 653 843 sorr
663 808 723 844 mea
734 791 805 860 rupit
814 809 888 860 opus.

154 938 203 1012 Ea
218 933 389 1039 scripsisse
408 931 568 1009 Ovidium
581 948 714 1006 constat
727 959 815 1006 anno
831 932 941 1034 primo
953 933 1006 1008 sni
1018 933 1125 1008 exsilii
1137 965 1226 1012 non·

155 1059 235 1134 dum
253 1056 415 1160 impleto,
429 1051 474 1130 ut'
484 1051 641 1128 facillime
656 1052 765 1155 quivis
781 1052 924 1149 diligens
940 1052 1224 1150 iectorinveniet3

156 1212 226 1284 qno
245 1199 395 1284 tempore
406 1176 492 1252 nihil
509 1176 574 1251 nisi
589 1175 698 1250 flebile
715 1207 734 1252 a
752 1206 786 1253 se
800 1178 958 1280 scriptum
975 1179 1096 1255 fatetur
1115 1209 1124 1252 ε
1144 1201 1202 1272 nt,

322 1348 450 1406 earmina
459 1348 555 1419 scripta
566 1349 632 1403 mihi
642 1361 705 1405 sunt
715 1349 802 1418 nulla,
813 1361 860 1404 aut
871 1351 957 1422 qualia
967 1354 1068 1422 cernis,

358 1439 445 1512 Digna
454 1440 495 1495 mi
505 1438 607 1493 domini
619 1450 750 1510 tempore,
761 1440 840 1512 tigna
850 1441 917 1497 loco.

162 1587 326 1660 Ceterum
341 1584 431 1658 Naso
444 1581 607 1680 relegatus
623 1583 660 1656 in
676 1583 845 1673 Pontum,
868 1583 1036 1687 plerisque
1052 1587 1173 1663 additis
1190 1619 1229 1666 ac

163 1708 320 1796 mutatis,
336 1707 505 1810 inscripsit
515 1708 580 1781 hoc
597 1736 684 1809 opus
699 1736 768 1783 non
790 1708 947 1797 Tiberio,
966 1729 1005 1786 nt
1020 1712 1231 1806 docebimus,

164 1832 222 1909 sed
242 1831 461 1920 Germanico,
476 1832 581 1906 Drusi
598 1825 743 1935 privigni
757 1832 903 1928 Augusti
921 1831 1013 1924 filio,
1029 1854 1069 1910 ut
1091 1829 1161 1937 ejus
1178 1840 1234 1912 i'n-

167 1956 362 2033 tercessione
376 1953 557 2063 aliqnando
581 1973 836 2057 consequeretur
856 1957 983 2032 veniam
1005 1959 1057 2032 vel
1083 1962 1233 2052 reditus,

167 2087 218 2166 rel
235 2086 340 2165 exsilii
354 2088 519 2175 mitioris3
548 2116 621 2189 qne
647 2118 724 2191 spes
749 2114 823 2163 eum
844 2090 983 2166 fefellit:
1006 2121 1083 2169 nam
1110 2115 1149 2171 ut
1164 2101 1236 2173 Au-

169 2230 303 2309 gustum
317 2209 553 2286 inexorabilem
571 2211 709 2300 habuit,
735 2212 782 2286 ita
794 2229 829 2287 et
841 2231 1019 2316 postquam
1036 2217 1066 2291 is
1082 2218 1235 2295 humanis

168 2335 268 2412 rebus
282 2332 438 2421 excessit,
457 2360 526 2406 non
544 2333 734 2408 dissimilem
751 2335 922 2409 Tiberium
939 2357 1057 2413 nactus
1074 2358 1134 2414 est.
1158 2344 1237 2416 Fuit

170 2477 281 2532 autem
303 2457 535 2547 Germanicus,
547 2475 586 2531 ut
596 2459 643 2532 ait
655 2457 856 2549 Suetonius,
871 2495 889 2526 «
901 2459 1033 2556 ingenio
1045 2463 1080 2535 in
1094 2480 1236 2566 utroque

174 2614 192 2647 »
213 2578 410 2679 eloquentiae
422 2577 646 2681 doctrinaque
658 2609 775 2678 genere
789 2582 1002 2685 praecellenti,
1015 2602 1049 2659 et
1059 2586 1142 2660 adeo
1155 2586 1237 2664 lenis
1336 2618 1341 2631 ·

174 2736 193 2769 »
213 2721 313 2801 atque
326 2701 502 2789 innoxius,
520 2720 560 2776 ut
575 2702 646 2802 ejus
659 2702 838 2781 virtutibus
851 2723 962 2782 motus
973 2709 1148 2802 Augustus
1158 2766 1168 2798 ,
1179 2709 1238 2786 diu

175 2857 204 2900 ».
214 2841 386 2898 cunctatus
395 2823 512 2909 fuerit,
528 2852 569 2899 an
584 2852 659 2900 enm
671 2826 737 2900 sibi
748 2827 870 2903 iaceret
882 2856 1122 2919 successorem,
1139 2862 1238 2933 quem

176 2982 194 3012 »
216 2947 345 3023 demum
361 2947 586 3048 adoptandum
600 2948 745 3023 Tiberio
756 2950 855 3032 dedit.
874 2985 891 3016 u

208 3285 627 3380 BARTHOLOMAEI
652 3287 889 3363 MERULAE
911 3290 1211 3369 DEDlCATIO

492 3477 585 3533 amn
600 3475 727 3532 uranos
740 3476 933 3550 mrsmuu,

460 3667 602 3710 annoso
618 3667 655 3708 AC
671 3667 763 3710 DOOEO
779 3667 966 3711 Ami-“mn

424 3856 428 3863 .
556 3790 561 3801 '
609 3807 815 3876 MAnco.

233 3991 419 4065 Pomctttt
437 3987 639 4079 facultatem,
665 4016 763 4091 qnam
784 3987 925 4090 primam
942 3990 1116 4092 quamdam
1131 3991 1244 4094 philo-

183 4113 334 4217 sophiam
349 4111 450 4189 fuisse
465 4109 624 4210 legimus,
640 4128 718 4188 sunt
736 4111 795 4214 qui
804 4111 869 4189 hoc
876 4130 992 4190 nostro
1008 4134 1243 4218 aevotanquam
