2768 4694
167 330 228 416 ,148
482 332 523 396 n.
555 329 892 399 ov1n11v1su

166 555 169 561 ,
206 473 252 546 ll.
271 470 369 544 Hand
382 467 481 565 longe
494 469 537 543 ab
548 470 613 544 boc
627 486 776 572 tempore
789 496 959 544 censemus
974 469 1136 545 Ovidium
1148 501 1225 548 snos

161 590 316 665 Amorum
338 584 431 659 libros
456 585 599 685 primum
617 585 652 659 in
677 583 801 673 lucem,
831 584 977 685 quinque
1003 585 1225 664 voluminibus

159 705 353 790 distinctos,
379 701 574 804 protulisse3
594 731 698 802 quum
715 702 872 804 pleraque
886 731 1001 777 eorum
1018 705 1163 781 carmina
1180 707 1225 779 vi-

158 825 297 898 deantur
311 820 353 896 ad
368 838 473 922 poete
490 820 597 894 nostri
607 820 758 921 juveuidb
774 829 782 858 ¹
802 848 874 894 esse
890 819 1080 912 reserenda,
1096 825 1226 927 sintque

157 936 318 1013 nonnulla
333 936 477 1025 ibidem,
502 934 708 1036 superiorum
726 965 888 1010 annornm
906 937 1053 1025 eniteris,
1072 968 1147 1040 quae
1162 941 1225 1040 jam

159 1056 384 1131 indicavimus.
404 1053 462 1127 Bis
480 1072 588 1126 autem
604 1053 705 1127 hosce
721 1052 827 1128 libros
840 1055 884 1127 ab
899 1073 1034 1129 auctore
1045 1055 1149 1133 inisse
1162 1059 1226 1133 edi·

162 1188 232 1259 tos‚
252 1171 390 1271 ipsemet
407 1167 512 1267 aperit
525 1167 689 1266 prooemio
706 1164 783 1240 libri
797 1170 836 1240 l:

326 1315 382 1385 Qui
396 1313 476 1367 modo
487 1315 598 1368 Nasonis
609 1314 744 1368 ineramus
755 1321 862 1384 qumque
870 1321 969 1382 libelli,

357 1408 419 1459 Tres
431 1423 521 1459 sumus
533 1423 539 1456 ε
552 1404 603 1458 boc
612 1404 647 1456 illi
659 1406 773 1473 pretulit
785 1418 876 1462 auctor
886 1429 951 1479 opus
963 1432 970 1474 ;

158 1530 227 1600 Nec
240 1524 333 1626 prior
348 1540 476 1595 tantum
493 1521 616 1610 editio,
634 1522 692 1594 sed
707 1539 740 1595 et
754 1524 921 1624 posterior
931 1527 1096 1628 precessit
1111 1527 1242 1604 Artem*

158 1639 309 1725 amandi,
333 1667 431 1740 quam
446 1638 536 1711 baud
552 1654 628 1712 ante
644 1667 767 1712 annum
781 1642 823 1712 U.
842 1642 879 1714 C.
898 1660 1038 1732 occul,
1050 1643 1226 1744 prodiisse

158 1755 316 1855 deinceps
339 1752 381 1827 od
404 1780 479 1826 enm
497 1780 620 1825 annum
642 1752 870 1856 probabimus.
899 1756 939 1828 ld
955 1774 1063 1831 autem
1083 1755 1227 1833 disertus

155 1870 257 1969 hujus
269 1869 380 1969 operis
393 1865 485 1943 iocus
499 1868 717 1955 demonstran
733 1867 856 1944 seilicet
868 1872 940 1944 Art.
953 1874 1065 1951 Amat.
1078 1871 1138 1947 lib.
1153 1876 1223 1962 Ill,

157 1984 219 2058 ubi
231 2014 334 2085 quum
351 1984 392 2057 de
407 2002 649 2058 antecessorum
662 1983 714 2057 sni
726 2003 897 2085 poetarum
913 1989 1115 2065 carminibus
1130 1989 1226 2066 dixis-

161 2119 229 2188 set,
246 2101 287 2174 de
304 2100 373 2174 suis
388 2099 513 2172 additu
530 2128 616 2173 verso
632 2099 728 2198 339²
746 2128 753 2172 :
820 2121 823 2126 ’

321 2247 442 2301 Forsitan
454 2255 482 2299 et
493 2257 602 2300 noslmm
612 2267 700 2300 nonen
711 2246 862 2302 miscebitur
875 2250 944 2303 istis:

356 2339 413 2394 Nec
425 2359 480 2392 mea
491 2338 602 2393 [ethicis
614 2323 709 2408 scripta
723 2338 856 2394 dabuntur
866 2343 945 2411 aquis.

323 2431 412 2498 Aeque
424 2429 514 2498 uliquis
525 2430 611 2492 dicen
624 2429 712 2482 Nostri
727 2429 783 2500 lege
796 2430 864 2486 culta
876 2432 989 2502 magistri

357 2520 500 2588 Carmina,
513 2522 585 2590 queis
599 2531 683 2589 partes
697 2521 802 2575 instruit
815 2523 856 2576 ille
869 2523 933 2576 duos
942 2522 961 2576 ³.

321 2612 397 2666 Deve
407 2617 486 2666 tritus
497 2615 585 2674 libris,
603 2611 692 2669 titulus
705 2631 770 2680 quos
781 2614 865 2681 signas
876 2614 1009 2669 Anonos!
1021 2655 1028 2681 ‚

357 2702 431 2773 Elige
442 2701 533 2770 „quod
545 2699 622 2754 docili
635 2701 749 2755 molliter
762 2722 808 2756 ore
822 2704 897 2773 leges.

163 2821 358 2897 Recensitos
371 2838 479 2893 tumen
488 2822 642 2893 Amorum
656 2817 761 2894 libros
774 2821 892 2894 iterum
907 2822 1013 2896 editos
1028 2842 1095 2898 tum
1109 2828 1226 2919 fuisse,

163 2963 266 3037 quum
282 2935 347 3033 jam
365 2932 510 3008 Ovidius
526 2935 641 3006 Artem
662 2934 857 3009 Amaon'am
874 2935 938 3008 sibi
956 2940 1226 3017 conscribendam

164 3048 378 3149 susdepisset,
396 3046 485 3121 baud
496 3045 635 3119 obscure
645 3046 767 3121 indicat
780 3049 892 3120 Amor.
908 3048 966 3122 lib.
981 3054 1034 3140 ll,
1049 3053 1101 3127 El.
1116 3074 1224 3146 xvffl,

163 3190 245 3236 versi
271 3188 311 3261 19
329 3179 361 3235 et
378 3187 447 3234 20:

328 3309 411 3387 Quod
423 3308 500 3377 lices,
514 3319 559 3364 aut
569 3309 666 3364 Annis
677 3312 761 3363 ceneri
772 3311 928 3381 profitemur
941 3315 1071 3370 Anulus:

356 3399 410 3453 Hei
420 3399 485 3453 mihi
496 3414 655 3456 numereris
665 3410 779 3468 torqueor
788 3407 843 3471 ipse
854 3418 922 3458 murs
933 3405 939 3456 !

195 3566 204 3596 ¹
223 3562 290 3615 Fast
303 3559 345 3615 lib.
358 3559 477 3626 11‚-vers.
486 3563 519 3626 5,
537 3559 689 3629 adelegem
702 3581 714 3605 «
727 3562 785 3630 lpse
799 3582 848 3635 ego
859 3584 904 3618 vos
917 3563 994 3618 hebui
1006 3561 1091 3616 faciles
1100 3563 1128 3618 in
1137 3586 1223 3622 amose

166 3644 314 3710 ministros,
329 3644 423 3712 Quum
433 3642 493 3696 insit
506 3642 622 3697 numeris
633 3657 724 3697 rursm
736 3661 866 3700 Juvnu'rs
877 3647 935 3699 suis.
953 3669 965 3693 o
982 3645 1038 3699 Lib.
1049 3646 1101 3714 lv,
1111 3670 1178 3707 vere
1192 3670 1223 3726 9:

165 3753 178 3777 a
193 3730 263 3798 roe
275 3727 361 3779 decuit
372 3743 469 3780 merrus
480 3726 536 3779 sine
548 3727 657 3780 crimine
671 3726 779 3781 lusimus
791 3744 881 3783 suuis.
891 3752 904 3775 o

195 3816 207 3844 ²
224 3814 310 3863 Versu
323 3828 426 3877 quoque
442 3811 489 3863 538
502 3809 532 3862 sd
547 3829 591 3863 eos
605 3812 735 3865 Amorum
748 3813 841 3879 libros,
855 3813 946 3882 quibus
957 3834 1031 3868 suam
1044 3819 1156 3872 maxime
1171 3824 1224 3874 co-

162 3901 260 3948 rianam
272 3893 402 3959 celebrat,
418 3892 517 3960 liquido
535 3905 633 3964 spectas
648 3913 655 3948 ε
671 3917 685 3939 «
704 3896 740 3949 Es
757 3897 849 3963 multi,
870 3897 975 3965 quasit
992 3913 1079 3954 nostra
1098 3896 1219 3968 Corebaa,

161 3989 262 4048 rogant.
277 4001 291 4026 ν

193 4060 205 4092 ³
223 4063 294 4130 ipsos
307 4062 378 4116 Artis
392 4060 534 4115 Amatoria·
546 4061 624 4116 libros
637 4061 766 4132 intelligit.
