2768 4694
487 312 583 379 PEll
607 306 640 379 J.
666 310 890 379 MASSON.
1157 314 1217 379 183

153 474 313 543 uenum,
326 448 800 556 quuhugustnsxleextilis
812 450 916 539 obiit,
936 451 1054 552 cupit,
1070 449 1120 523 uti
1132 467 1222 525 recte

154 573 401 651 illustrissimus
418 570 574 645 Norisius
595 569 757 644 observat.
779 572 903 644 Verum
929 567 1013 642 male
1035 568 1083 641 sic
1105 568 1220 644 exinde

155 688 392 766 ratiocinatur:
413 686 581 784 «Quare,
598 684 726 786 inquit,
743 684 883 785 primam
897 684 1047 784 hyemem
1059 684 1094 758 in
1105 685 1221 759 exsilio

158 842 175 874 s
194 806 336 882 Pontico
351 803 424 900 egit
441 803 602 890 Ovidius,
618 830 671 875 an.
688 804 731 874 U.
746 802 785 876 C.
800 819 967 888 mcccxtt,
984 830 1087 903 quum
1099 829 1222 905 proce·

159 955 175 986 u
194 920 327 994 dentem
339 919 492 1020 hyemem
507 945 619 990 mense
636 913 802 990 Decembri
816 943 855 993 ex
870 914 966 988 ltalia
982 915 1168 1004 discedens,
1186 918 1222 991 in

158 1024 183 1104 »⁴
193 1037 339 1134 longiori
347 1037 466 1111 itinere
480 1034 545 1108 sub
557 1032 707 1107 custodia
719 1033 754 1105 in
765 1033 911 1106 Pontum
921 1031 1132 1132 deportatus,
1148 1062 1224 1108 con·

157 1190 174 1222 »
193 1156 360 1231 sumserit.
380 1186 398 1219 »

205 1268 366 1343 Profecto
380 1294 482 1370 quum
497 1270 621 1341 Noster
642 1293 675 1338 se
692 1294 732 1338 eo
748 1293 857 1338 meuse
883 1266 1052 1339 Decembri
1066 1269 1223 1365 jactatum

158 1381 328 1458 Adriatico
339 1382 420 1457 merl
432 1382 569 1468 scribam
587 1380 667 1453 hinc
681 1378 833 1476 colligere
847 1378 896 1454 las
911 1400 979 1465 est,
993 1408 1065 1454 eum
1078 1412 1148 1457 uon
1161 1412 1223 1485 po·

162 1497 265 1573 tuisse
280 1499 393 1575 eodem
407 1528 516 1575 nse
534 1501 642 1573 lloma
657 1497 841 1581 discedere,
859 1497 1074 1573 Brundisium
1088 1518 1220 1601 petere,

159 1632 192 1689 et
210 1615 287 1689 inde
305 1613 438 1689 solvere.
456 1614 551 1713 Quin
565 1614 663 1687 etiam
676 1638 816 1687 asserere
830 1612 926 1701 licet,
943 1642 1017 1688 eum
1031 1616 1096 1716 jam
1114 1617 1151 1690 in
1166 1646 1223 1692 ex-

157 1731 222 1807 silii
240 1731 316 1806 loco
330 1730 433 1805 fuisse
450 1758 561 1805 mense
580 1758 745 1805 summum
761 1728 916 1802 Jouuurio
935 1751 1094 1819 exeunte,
1120 1752 1220 1836 atque

157 1847 240 1921 adeo
251 1845 392 1947 aliquam
400 1844 517 1947 primm
527 1844 657 1944 hyemis
669 1862 794 1946 partem
806 1844 841 1917 in
855 1846 966 1919 Ponto
979 1848 1135 1943 exegisse,
1150 1878 1222 1949 quae

158 1962 193 2034 in
208 1988 382 2035 nnmerum
400 1957 524 2034 ovidio
549 1957 661 2031 venire
680 1959 804 2032 debuit.
830 1961 991 2033 Praeterea
1007 1990 1100 2038 mens
1115 1983 1221 2065 poetae

160 2078 224 2154 illis
236 2078 345 2153 verbis
363 2079 428 2151 suit
443 2107 481 2151 ac
498 2074 674 2152 consilium
690 2076 878 2164 ostendere,
900 2078 1056 2179 quamdin
1076 2099 1144 2155 tum
1164 2112 1221 2157 ex-

161 2193 305 2270 sulasset.
319 2193 428 2294 Atqui
441 2220 556 2293 parum
566 2210 643 2295 apte
655 2191 690 2264 id
700 2191 901 2286 designaret,
916 2196 944 2269 si
957 2197 1090 2296 quidem
1105 2217 1222 2299 praeter

159 2340 212 2384 sex
230 2309 302 2385 illas
317 2310 469 2410 hyemes,
487 2307 593 2381 aban.
608 2312 651 2381 U.
670 2308 708 2381 C.
727 2326 869 2382 ncctxll
887 2313 1113 2413 praecipitante
1129 2316 1222 2414 juxta

159 2432 327 2505 Noxisium
354 2442 571 2527 supputatas,
594 2424 805 2522 transegisset
821 2424 937 2507 ¹adhuc
958 2428 992 2500 iu
1022 2428 1127 2502 exsilii
1148 2429 1223 2504 loco

161 2548 305 2646 ejusdem
322 2547 400 2620 antri
417 2562 630 2631 autumnum,
643 2563 806 2631 aetutem,
826 2573 863 2619 uc
877 2572 951 2629 ver,
966 2545 1067 2617 immo
1080 2546 1107 2618 si
1122 2576 1225 2623 unum

164 2660 304 2762 amplius
318 2688 439 2732 annum
457 2660 641 2753 integrum,
657 2660 698 2732 ab
712 2689 763 2734 an.
780 2676 908 2733 mcclx!
925 2659 1118 2749 Decembri,
1132 2662 1223 2739 exsul

164 2777 289 2850 luisset.
309 2776 422 2873 ltaque
440 2771 547 2846 multo
565 2766 767 2873 expeditius,
784 2803 821 2848 ac
839 2774 917 2848 huic
935 2773 1009 2848 loco
1027 2776 1223 2851 convenien-

164 2890 231 2966 tius
247 2908 299 2964 est
311 2889 433 2978 dicere,
444 2891 612 2963 Nasonem
624 2884 744 2965 ibidem
757 2890 954 2987 significare,
965 2890 1132 2991 hyemem,
1146 2913 1224 2993 post

164 3007 308 3104 Augusti
325 3008 494 3082 decessum
508 3004 661 3115 proxime
683 3002 926 3094 succedentem,
946 3035 1016 3081 esse
1035 3004 1139 3083 exsilii
1154 3037 1226 3082 sex-

164 3142 238 3212 tum,
259 3126 303 3199 ab
318 3156 357 3201 eo
370 3122 538 3228 tempore,
559 3152 627 3226 quo
639 3150 676 3196 ex
689 3118 771 3197 urhe
781 3120 888 3199 Roma
904 3124 1097 3199 discesserat
1108 3144 1226 3225 poeta,

165 3260 377 3331 numeratam;
386 3260 486 3345 atque
495 3238 618 3343 idcirco
628 3238 787 3313 Nostrum
798 3268 906 3314 revera
916 3269 967 3313 an.
979 3242 1021 3314 U.
1035 3242 1072 3315 C.
1083 3242 1228 3315 ltcCLx'lt

166 3360 330 3436 desinente
347 3360 383 3434 in
398 3358 549 3440 exsilium
566 3355 704 3443 abiisse;
723 3354 991 3457 quandoquidem
1012 3373 1100 3432 sexto
1114 3358 1228 3459 hyems

167 3479 206 3553 ah
221 3507 308 3552 anno
322 3480 364 3550 U.
381 3478 418 3551 C.
439 3494 618 3574 Dcctxvtl
632 3489 769 3547 exeunte
785 3490 875 3548 retro
892 3493 1069 3576 supputata
1084 3504 1159 3548 cum
1173 3472 1229 3546 illa

170 3593 243 3665 anui
258 3612 398 3667 ncccxn
414 3577 581 3667 coinciditss
679 3604 682 3609 ·
723 3586 727 3599 ’

219 3705 252 3780 3.
270 3709 359 3782 ldem
376 3727 466 3809 patet
483 3738 521 3784 ex
536 3704 673 3783 ¹'liberii
698 3708 868 3809 triumpho
896 3707 935 3779 dc
954 3703 1137 3781 Pannoniis
1154 3704 1234 3778 Dal-

169 3826 352 3926 matisqne,
369 3852 454 3901 suno
468 3829 510 3899 U.
529 3826 567 3901 (l
586 3844 727 3902 ncctxv
740 3822 947 3927 exspirante,
966 3845 1003 3898 ut
1020 3821 1152 3923 ipsimet
1166 3820 1239 3894 Cal·

170 3941 272 4015 visius
282 3968 320 4014 ac
329 3941 497 4017 Noxisius¹
510 3943 719 4028 concedunt,
734 3942 855 4026 ducto,
869 3959 902 4016 et
917 3957 1024 4043 poeta
1037 3952 1240 4024 memorato,

201 4091 209 4120 ¹
228 4084 270 4141 De
284 4085 382 4141 Ceuot.
394 4084 510 4158 Pinpag.
524 4087 581 4141 323·
656 4112 658 4118 ’
