<?xml version="1.0" encoding="UTF-8"?>
<!DOCTYPE html PUBLIC "-//W3C//DTD XHTML 1.0 Transitional//EN"
    "http://www.w3.org/TR/xhtml1/DTD/xhtml1-transitional.dtd">
<html xmlns="http://www.w3.org/1999/xhtml" xml:lang="en" lang="en">
 <head>
  <title>
</title>
<meta http-equiv="Content-Type" content="text/html;charset=utf-8" />
  <meta name='ocr-system' content='tesseract 3.04.00' />
  <meta name='ocr-capabilities' content='ocr_page ocr_carea ocr_par ocr_line ocrx_word'/>
</head>
<body>
  <div class='ocr_page' id='page_1' title='image "./publiiovidiinas02massgoog_0064.png"; bbox 0 0 2768 4694; ppageno 0'>
   <div class='ocr_carea' id='block_1_1' title="bbox 487 273 1221 373">
    <p class='ocr_par' dir='ltr' id='par_1_1' title="bbox 487 273 1221 373">
     <span class='ocr_line' id='line_1_1' title="bbox 487 273 1221 373; baseline 0.003 -3"><span class='ocrx_word' id='word_1_1' title='bbox 487 303 540 370; x_wconf 80' lang='lat' dir='ltr'><strong>ru</strong></span> <span class='ocrx_word' id='word_1_2' title='bbox 564 303 745 371; x_wconf 87' lang='lat' dir='ltr'><strong>ovrurr</strong></span> <span class='ocrx_word' id='word_1_3' title='bbox 768 304 890 370; x_wconf 81' lang='lat' dir='ltr'><strong>mm.</strong></span> <span class='ocrx_word' id='word_1_4' title='bbox 930 309 935 318; x_wconf 88' lang='lat'><strong>·</strong></span> <span class='ocrx_word' id='word_1_5' title='bbox 1146 273 1221 373; x_wconf 45' lang='lat'><strong>&#39;55</strong></span> 
     </span>
    </p>
   </div>
   <div class='ocr_carea' id='block_1_2' title="bbox 154 441 1315 3681">
    <p class='ocr_par' dir='ltr' id='par_1_2' title="bbox 154 441 1315 3681">
     <span class='ocr_line' id='line_1_2' title="bbox 154 441 1225 543; baseline 0.003 -27"><span class='ocrx_word' id='word_1_6' title='bbox 154 442 560 543; x_wconf 86' lang='lat' dir='ltr'><strong>Turnebnm,Josepbum</strong></span> <span class='ocrx_word' id='word_1_7' title='bbox 578 441 791 536; x_wconf 77' lang='lat' dir='ltr'>scaligerum,</span> <span class='ocrx_word' id='word_1_8' title='bbox 802 442 964 517; x_wconf 82' lang='lat' dir='ltr'><strong>Didacum</strong></span> <span class='ocrx_word' id='word_1_9' title='bbox 982 443 1225 536; x_wconf 83' lang='lat' dir='ltr'><strong>Covarruriam,</strong></span> 
     </span>
     <span class='ocr_line' id='line_1_3' title="bbox 155 556 1226 661; baseline 0.004 -31"><span class='ocrx_word' id='word_1_10' title='bbox 155 557 383 644; x_wconf 81' lang='lat' dir='ltr'><strong>Abstemium,</strong></span> <span class='ocrx_word' id='word_1_11' title='bbox 401 558 633 654; x_wconf 81' lang='lat' dir='ltr'><strong>Hartungum,</strong></span> <span class='ocrx_word' id='word_1_12' title='bbox 661 556 831 656; x_wconf 89' lang='lat' dir='ltr'><strong>Lipsium,</strong></span> <span class='ocrx_word' id='word_1_13' title='bbox 850 557 1026 631; x_wconf 87' lang='lat' dir='ltr'><strong>Schottum</strong></span> <span class='ocrx_word' id='word_1_14' title='bbox 1046 559 1226 661; x_wconf 83' lang='lat' dir='ltr'><strong>(Jupiter,</strong></span> 
     </span>
     <span class='ocr_line' id='line_1_4' title="bbox 157 671 1228 776; baseline 0.005 -29"><span class='ocrx_word' id='word_1_15' title='bbox 157 703 242 776; x_wconf 94' lang='lat' dir='ltr'><strong>quos</strong></span> <span class='ocrx_word' id='word_1_16' title='bbox 260 674 388 772; x_wconf 85' lang='lat' dir='ltr'><strong>viros)!</strong></span> <span class='ocrx_word' id='word_1_17' title='bbox 410 675 468 775; x_wconf 92' lang='lat' dir='ltr'><strong>qui</strong></span> <span class='ocrx_word' id='word_1_18' title='bbox 491 672 543 748; x_wconf 86' lang='lat' dir='ltr'><strong>vel</strong></span> <span class='ocrx_word' id='word_1_19' title='bbox 560 674 595 747; x_wconf 92' lang='lat' dir='ltr'><strong>in</strong></span> <span class='ocrx_word' id='word_1_20' title='bbox 614 673 806 747; x_wconf 82' lang='lat' dir='ltr'><strong>adversariis</strong></span> <span class='ocrx_word' id='word_1_21' title='bbox 821 691 856 745; x_wconf 86' lang='lat' dir='ltr'><strong>et</strong></span> <span class='ocrx_word' id='word_1_22' title='bbox 872 671 1093 749; x_wconf 87' lang='lat' dir='ltr'><strong>Miscellaneis</strong></span> <span class='ocrx_word' id='word_1_23' title='bbox 1117 676 1228 752; x_wconf 87' lang='lat' dir='ltr'><strong>dedita</strong></span> 
     </span>
     <span class='ocr_line' id='line_1_5' title="bbox 159 789 1229 892; baseline 0.005 -30"><span class='ocrx_word' id='word_1_24' title='bbox 159 817 275 890; x_wconf 91' lang='lat' dir='ltr'><strong>opera,</strong></span> <span class='ocrx_word' id='word_1_25' title='bbox 294 790 344 864; x_wconf 82' lang='lat' dir='ltr'><strong>rel</strong></span> <span class='ocrx_word' id='word_1_26' title='bbox 360 791 397 863; x_wconf 91' lang='lat' dir='ltr'><strong>in</strong></span> <span class='ocrx_word' id='word_1_27' title='bbox 410 789 482 864; x_wconf 90' lang='lat' dir='ltr'><strong>aliis</strong></span> <span class='ocrx_word' id='word_1_28' title='bbox 496 789 669 892; x_wconf 85' lang='lat' dir='ltr'><strong>opusculis</strong></span> <span class='ocrx_word' id='word_1_29' title='bbox 684 789 792 863; x_wconf 89' lang='lat' dir='ltr'><strong>obiter</strong></span> <span class='ocrx_word' id='word_1_30' title='bbox 806 789 969 889; x_wconf 88' lang='lat' dir='ltr'><strong>quosdam</strong></span> <span class='ocrx_word' id='word_1_31' title='bbox 980 790 1124 866; x_wconf 77' lang='lat' dir='ltr'><strong>Nasonis</strong></span> <span class='ocrx_word' id='word_1_32' title='bbox 1136 790 1229 868; x_wconf 90' lang='lat' dir='ltr'><strong>locos</strong></span> 
     </span>
     <span class='ocr_line' id='line_1_6' title="bbox 159 901 1315 1003; baseline 0.003 -28"><span class='ocrx_word' id='word_1_33' title='bbox 159 922 390 990; x_wconf 84' lang='lat' dir='ltr'><strong>excusserunt,</strong></span> <span class='ocrx_word' id='word_1_34' title='bbox 409 922 448 978; x_wconf 92' lang='lat' dir='ltr'><strong>ut</strong></span> <span class='ocrx_word' id='word_1_35' title='bbox 464 932 539 978; x_wconf 84' lang='lat' dir='ltr'><strong>vere</strong></span> <span class='ocrx_word' id='word_1_36' title='bbox 552 902 593 976; x_wconf 94' lang='lat' dir='ltr'><strong>de</strong></span> <span class='ocrx_word' id='word_1_37' title='bbox 610 902 676 975; x_wconf 89' lang='lat' dir='ltr'><strong>hoc</strong></span> <span class='ocrx_word' id='word_1_38' title='bbox 694 901 862 1003; x_wconf 87' lang='lat' dir='ltr'><strong>poematio</strong></span> <span class='ocrx_word' id='word_1_39' title='bbox 875 903 939 976; x_wconf 89' lang='lat' dir='ltr'><strong>dici</strong></span> <span class='ocrx_word' id='word_1_40' title='bbox 953 903 1077 1003; x_wconf 86' lang='lat' dir='ltr'><strong>possit,</strong></span> <span class='ocrx_word' id='word_1_41' title='bbox 1097 903 1160 978; x_wconf 76' lang='lat' dir='ltr'><strong>Cui</strong></span> <span class='ocrx_word' id='word_1_42' title='bbox 1168 935 1228 979; x_wconf 85' lang='lat' dir='ltr'><strong>ooo</strong></span> <span class='ocrx_word' id='word_1_43' title='bbox 1312 922 1315 929; x_wconf 77' lang='grc'><em>’</em></span> 
     </span>
     <span class='ocr_line' id='line_1_7' title="bbox 157 1016 1228 1124; baseline 0.004 -34"><span class='ocrx_word' id='word_1_44' title='bbox 157 1016 254 1092; x_wconf 80' lang='lat' dir='ltr'><strong>dictus</strong></span> <span class='ocrx_word' id='word_1_45' title='bbox 268 1020 404 1124; x_wconf 75' lang='lat' dir='ltr'><strong>Hylas?</strong></span> <span class='ocrx_word' id='word_1_46' title='bbox 417 1018 612 1119; x_wconf 90' lang='lat' dir='ltr'><strong>Suppudeat</strong></span> <span class='ocrx_word' id='word_1_47' title='bbox 627 1035 758 1104; x_wconf 87' lang='lat' dir='ltr'><strong>autem,</strong></span> <span class='ocrx_word' id='word_1_48' title='bbox 774 1045 821 1090; x_wconf 84' lang='lat' dir='ltr'><strong>me</strong></span> <span class='ocrx_word' id='word_1_49' title='bbox 833 1045 948 1118; x_wconf 78' lang='lat' dir='ltr'><strong>quoque</strong></span> <span class='ocrx_word' id='word_1_50' title='bbox 958 1018 1147 1118; x_wconf 71' lang='lat' dir='ltr'><strong>principibus</strong></span> <span class='ocrx_word' id='word_1_51' title='bbox 1155 1048 1228 1121; x_wconf 83' lang='lat' dir='ltr'><strong>per-</strong></span> 
     </span>
     <span class='ocr_line' id='line_1_8' title="bbox 156 1135 1229 1236; baseline 0.004 -27"><span class='ocrx_word' id='word_1_52' title='bbox 156 1137 277 1210; x_wconf 83' lang='lat' dir='ltr'><strong>mistum</strong></span> <span class='ocrx_word' id='word_1_53' title='bbox 293 1165 455 1236; x_wconf 68' lang='lat' dir='ltr'><strong>agnoscere</strong></span> <span class='ocrx_word' id='word_1_54' title='bbox 467 1135 612 1220; x_wconf 75' lang='lat' dir='ltr'><strong>Aelius,</strong></span> <span class='ocrx_word' id='word_1_55' title='bbox 631 1136 683 1208; x_wconf 89' lang='lat' dir='ltr'><strong>cui</strong></span> <span class='ocrx_word' id='word_1_56' title='bbox 702 1136 729 1209; x_wconf 91' lang='lat' dir='ltr'><strong>si</strong></span> <span class='ocrx_word' id='word_1_57' title='bbox 747 1153 883 1236; x_wconf 85' lang='lat' dir='ltr'><strong>paterna</strong></span> <span class='ocrx_word' id='word_1_58' title='bbox 898 1163 952 1210; x_wconf 91' lang='lat' dir='ltr'><strong>res</strong></span> <span class='ocrx_word' id='word_1_59' title='bbox 970 1135 1229 1214; x_wconf 86' lang='lat' dir='ltr'><strong>administranda</strong></span> 
     </span>
     <span class='ocr_line' id='line_1_9' title="bbox 157 1254 1230 1354; baseline 0.002 -27"><span class='ocrx_word' id='word_1_60' title='bbox 157 1255 262 1341; x_wconf 79' lang='lat' dir='ltr'><strong>foret,</strong></span> <span class='ocrx_word' id='word_1_61' title='bbox 281 1255 388 1328; x_wconf 81' lang='lat' dir='ltr'><strong>aetatis</strong></span> <span class='ocrx_word' id='word_1_62' title='bbox 403 1255 496 1328; x_wconf 86' lang='lat' dir='ltr'><strong>venia</strong></span> <span class='ocrx_word' id='word_1_63' title='bbox 513 1282 579 1328; x_wconf 92' lang='lat' dir='ltr'><strong>non</strong></span> <span class='ocrx_word' id='word_1_64' title='bbox 600 1254 741 1328; x_wconf 87' lang='lat' dir='ltr'><strong>daretur.</strong></span> <span class='ocrx_word' id='word_1_65' title='bbox 769 1256 813 1326; x_wconf 86' lang='lat' dir='ltr'><strong>Et</strong></span> <span class='ocrx_word' id='word_1_66' title='bbox 837 1282 913 1327; x_wconf 86' lang='lat' dir='ltr'><strong>vero</strong></span> <span class='ocrx_word' id='word_1_67' title='bbox 938 1272 1018 1354; x_wconf 91' lang='lat' dir='ltr'><strong>post</strong></span> <span class='ocrx_word' id='word_1_68' title='bbox 1043 1272 1095 1328; x_wconf 88' lang='lat' dir='ltr'><strong>tot</strong></span> <span class='ocrx_word' id='word_1_69' title='bbox 1120 1256 1230 1329; x_wconf 87' lang='lat' dir='ltr'><strong>erudi·</strong></span> 
     </span>
     <span class='ocr_line' id='line_1_10' title="bbox 162 1368 1229 1470; baseline 0.004 -30"><span class='ocrx_word' id='word_1_70' title='bbox 162 1368 268 1442; x_wconf 88' lang='lat' dir='ltr'><strong>tionis</strong></span> <span class='ocrx_word' id='word_1_71' title='bbox 289 1387 441 1470; x_wconf 78' lang='lat' dir='ltr'><strong>spectatae</strong></span> <span class='ocrx_word' id='word_1_72' title='bbox 465 1370 553 1444; x_wconf 80' lang='lat' dir='ltr'><strong>viros</strong></span> <span class='ocrx_word' id='word_1_73' title='bbox 578 1370 612 1443; x_wconf 90' lang='lat' dir='ltr'><strong>iu</strong></span> <span class='ocrx_word' id='word_1_74' title='bbox 633 1368 781 1444; x_wconf 90' lang='lat' dir='ltr'><strong>eamdem</strong></span> <span class='ocrx_word' id='word_1_75' title='bbox 806 1369 991 1470; x_wconf 76' lang='lat' dir='ltr'><strong>palestram</strong></span> <span class='ocrx_word' id='word_1_76' title='bbox 1013 1369 1229 1460; x_wconf 85' lang='lat' dir='ltr'><strong>descendere,</strong></span> 
     </span>
     <span class='ocr_line' id='line_1_11' title="bbox 162 1484 1228 1587; baseline 0.002 -29"><span class='ocrx_word' id='word_1_77' title='bbox 162 1484 225 1558; x_wconf 89' lang='lat' dir='ltr'><strong>boe</strong></span> <span class='ocrx_word' id='word_1_78' title='bbox 242 1512 351 1560; x_wconf 75' lang='lat' dir='ltr'><strong>revera</strong></span> <span class='ocrx_word' id='word_1_79' title='bbox 366 1502 418 1560; x_wconf 91' lang='lat' dir='ltr'><strong>est</strong></span> <span class='ocrx_word' id='word_1_80' title='bbox 430 1503 507 1587; x_wconf 82' lang='lat' dir='ltr'><strong>poet</strong></span> <span class='ocrx_word' id='word_1_81' title='bbox 525 1485 685 1561; x_wconf 83' lang='lat' dir='ltr'><strong>Roscium</strong></span> <span class='ocrx_word' id='word_1_82' title='bbox 701 1488 736 1558; x_wconf 92' lang='lat' dir='ltr'><strong>in</strong></span> <span class='ocrx_word' id='word_1_83' title='bbox 753 1513 850 1560; x_wconf 87' lang='lat' dir='ltr'><strong>scena</strong></span> <span class='ocrx_word' id='word_1_84' title='bbox 864 1485 947 1559; x_wconf 82' lang='lat' dir='ltr'><strong>velle</strong></span> <span class='ocrx_word' id='word_1_85' title='bbox 966 1505 1093 1582; x_wconf 81' lang='lat' dir='ltr'><strong>gestum</strong></span> <span class='ocrx_word' id='word_1_86' title='bbox 1113 1514 1228 1582; x_wconf 79' lang='lat' dir='ltr'><strong>agere3</strong></span> 
     </span>
     <span class='ocr_line' id='line_1_12' title="bbox 161 1601 1228 1705; baseline 0 -29"><span class='ocrx_word' id='word_1_87' title='bbox 161 1602 236 1689; x_wconf 78' lang='lat' dir='ltr'><strong>sed,</strong></span> <span class='ocrx_word' id='word_1_88' title='bbox 253 1602 331 1705; x_wconf 85' lang='lat' dir='ltr'><strong>quia</strong></span> <span class='ocrx_word' id='word_1_89' title='bbox 344 1603 430 1702; x_wconf 81' lang='lat' dir='ltr'><strong>jacta</strong></span> <span class='ocrx_word' id='word_1_90' title='bbox 441 1621 493 1677; x_wconf 79' lang='lat' dir='ltr'><strong>est</strong></span> <span class='ocrx_word' id='word_1_91' title='bbox 507 1601 600 1690; x_wconf 90' lang='lat' dir='ltr'><strong>alea,</strong></span> <span class='ocrx_word' id='word_1_92' title='bbox 616 1602 824 1676; x_wconf 84' lang='lat' dir='ltr'><strong>efficiendum</strong></span> <span class='ocrx_word' id='word_1_93' title='bbox 836 1620 905 1689; x_wconf 90' lang='lat' dir='ltr'><strong>est,</strong></span> <span class='ocrx_word' id='word_1_94' title='bbox 923 1631 964 1677; x_wconf 92' lang='lat' dir='ltr'><strong>ne</strong></span> <span class='ocrx_word' id='word_1_95' title='bbox 981 1604 1063 1677; x_wconf 90' lang='lat' dir='ltr'><strong>mibi</strong></span> <span class='ocrx_word' id='word_1_96' title='bbox 1075 1604 1149 1702; x_wconf 87' lang='lat' dir='ltr'><strong>jure</strong></span> <span class='ocrx_word' id='word_1_97' title='bbox 1166 1632 1228 1676; x_wconf 93' lang='lat' dir='ltr'><strong>no·</strong></span> 
     </span>
     <span class='ocr_line' id='line_1_13' title="bbox 159 1717 1229 1820; baseline 0.005 -28"><span class='ocrx_word' id='word_1_98' title='bbox 159 1745 331 1819; x_wconf 81' lang='lat' dir='ltr'><strong>rumopus</strong></span> <span class='ocrx_word' id='word_1_99' title='bbox 339 1718 534 1803; x_wconf 71' lang='lat' dir='ltr'><strong>nuntietur,</strong></span> <span class='ocrx_word' id='word_1_100' title='bbox 552 1735 612 1792; x_wconf 91' lang='lat' dir='ltr'><strong>aut</strong></span> <span class='ocrx_word' id='word_1_101' title='bbox 627 1717 804 1793; x_wconf 86' lang='lat' dir='ltr'><strong>interdicto</strong></span> <span class='ocrx_word' id='word_1_102' title='bbox 821 1718 913 1820; x_wconf 92' lang='lat' dir='ltr'><strong>quod</strong></span> <span class='ocrx_word' id='word_1_103' title='bbox 924 1719 975 1806; x_wconf 91' lang='lat' dir='ltr'><strong>vi,</strong></span> <span class='ocrx_word' id='word_1_104' title='bbox 990 1737 1046 1793; x_wconf 90' lang='lat' dir='ltr'><strong>aut</strong></span> <span class='ocrx_word' id='word_1_105' title='bbox 1061 1719 1143 1793; x_wconf 86' lang='lat' dir='ltr'><strong>elam</strong></span> <span class='ocrx_word' id='word_1_106' title='bbox 1157 1750 1229 1797; x_wconf 89' lang='lat' dir='ltr'><strong>me·</strong></span> 
     </span>
     <span class='ocr_line' id='line_1_14' title="bbox 160 1830 1230 1934; baseline 0.001 -26"><span class='ocrx_word' id='word_1_107' title='bbox 160 1860 234 1908; x_wconf 81' lang='lat' dir='ltr'><strong>uum</strong></span> <span class='ocrx_word' id='word_1_108' title='bbox 247 1834 300 1929; x_wconf 72' lang='lat' dir='ltr'><strong>agi</strong></span> <span class='ocrx_word' id='word_1_109' title='bbox 312 1835 430 1934; x_wconf 79' lang='lat' dir='ltr'><strong>possit.</strong></span> <span class='ocrx_word' id='word_1_110' title='bbox 445 1833 619 1907; x_wconf 80' lang='lat' dir='ltr'><strong>Neminem</strong></span> <span class='ocrx_word' id='word_1_111' title='bbox 633 1830 728 1908; x_wconf 85' lang='lat' dir='ltr'><strong>laude</strong></span> <span class='ocrx_word' id='word_1_112' title='bbox 739 1862 798 1909; x_wconf 90' lang='lat' dir='ltr'><strong>sua</strong></span> <span class='ocrx_word' id='word_1_113' title='bbox 808 1833 969 1908; x_wconf 80' lang='lat' dir='ltr'><strong>fiandabo</strong></span> <span class='ocrx_word' id='word_1_114' title='bbox 985 1863 992 1905; x_wconf 94' lang='lat'><strong>:</strong></span> <span class='ocrx_word' id='word_1_115' title='bbox 1006 1833 1128 1909; x_wconf 90' lang='lat' dir='ltr'><strong>nobilis</strong></span> <span class='ocrx_word' id='word_1_116' title='bbox 1142 1837 1230 1910; x_wconf 88' lang='lat' dir='ltr'><strong>enirn</strong></span> 
     </span>
     <span class='ocr_line' id='line_1_15' title="bbox 161 1945 1229 2049; baseline 0.003 -27"><span class='ocrx_word' id='word_1_117' title='bbox 161 1949 241 2023; x_wconf 87' lang='lat' dir='ltr'><strong>mibi</strong></span> <span class='ocrx_word' id='word_1_118' title='bbox 258 1976 388 2049; x_wconf 87' lang='lat' dir='ltr'><strong>semper</strong></span> <span class='ocrx_word' id='word_1_119' title='bbox 403 1948 473 2024; x_wconf 84' lang='lat' dir='ltr'><strong>risa</strong></span> <span class='ocrx_word' id='word_1_120' title='bbox 490 1967 541 2024; x_wconf 87' lang='lat' dir='ltr'><strong>est</strong></span> <span class='ocrx_word' id='word_1_121' title='bbox 556 1947 609 2022; x_wconf 86' lang='lat' dir='ltr'><strong>lex</strong></span> <span class='ocrx_word' id='word_1_122' title='bbox 626 1945 680 2021; x_wconf 93' lang='lat' dir='ltr'><strong>illa</strong></span> <span class='ocrx_word' id='word_1_123' title='bbox 697 1947 929 2034; x_wconf 84' lang='lat' dir='ltr'><strong>Laurentium,</strong></span> <span class='ocrx_word' id='word_1_124' title='bbox 957 1965 1004 2020; x_wconf 75' lang='grc' dir='ltr'><strong>ΝΕ</strong></span> <span class='ocrx_word' id='word_1_125' title='bbox 1022 1967 1157 2023; x_wconf 73' lang='lat' dir='ltr'><strong>Pontum</strong></span> <span class='ocrx_word' id='word_1_126' title='bbox 1184 1970 1229 2026; x_wconf 80' lang='lat' dir='ltr'><strong>Ex</strong></span> 
     </span>
     <span class='ocr_line' id='line_1_16' title="bbox 163 2061 1229 2165; baseline 0.002 -27"><span class='ocrx_word' id='word_1_127' title='bbox 163 2083 303 2139; x_wconf 76' lang='lat' dir='ltr'><strong>ttlsstto.</strong></span> <span class='ocrx_word' id='word_1_128' title='bbox 319 2067 436 2165; x_wconf 84' lang='lat' dir='ltr'><strong>ltaque</strong></span> <span class='ocrx_word' id='word_1_129' title='bbox 451 2065 636 2165; x_wconf 83' lang='lat' dir='ltr'><strong>praecipuus</strong></span> <span class='ocrx_word' id='word_1_130' title='bbox 650 2063 705 2137; x_wconf 91' lang='lat' dir='ltr'><strong>bic</strong></span> <span class='ocrx_word' id='word_1_131' title='bbox 718 2062 818 2137; x_wconf 89' lang='lat' dir='ltr'><strong>nobis</strong></span> <span class='ocrx_word' id='word_1_132' title='bbox 831 2091 952 2164; x_wconf 90' lang='lat' dir='ltr'><strong>scopus</strong></span> <span class='ocrx_word' id='word_1_133' title='bbox 963 2061 1009 2136; x_wconf 95' lang='lat' dir='ltr'><strong>ob</strong></span> <span class='ocrx_word' id='word_1_134' title='bbox 1025 2062 1138 2138; x_wconf 86' lang='lat' dir='ltr'><strong>oculos</strong></span> <span class='ocrx_word' id='word_1_135' title='bbox 1149 2065 1229 2155; x_wconf 88' lang='lat' dir='ltr'><strong>erit,</strong></span> 
     </span>
     <span class='ocr_line' id='line_1_17' title="bbox 162 2181 1230 2284; baseline 0.001 -27"><span class='ocrx_word' id='word_1_136' title='bbox 162 2202 197 2257; x_wconf 89' lang='lat' dir='ltr'><strong>ut</strong></span> <span class='ocrx_word' id='word_1_137' title='bbox 207 2212 280 2284; x_wconf 80' lang='lat' dir='ltr'><strong>quae</strong></span> <span class='ocrx_word' id='word_1_138' title='bbox 291 2183 500 2269; x_wconf 80' lang='lat' dir='ltr'><strong>obscuriora,</strong></span> <span class='ocrx_word' id='word_1_139' title='bbox 517 2208 576 2255; x_wconf 87' lang='lat' dir='ltr'><strong>uec</strong></span> <span class='ocrx_word' id='word_1_140' title='bbox 589 2181 668 2255; x_wconf 91' lang='lat' dir='ltr'><strong>dum</strong></span> <span class='ocrx_word' id='word_1_141' title='bbox 678 2181 830 2282; x_wconf 85' lang='lat' dir='ltr'><strong>cuiquam</strong></span> <span class='ocrx_word' id='word_1_142' title='bbox 843 2181 1003 2281; x_wconf 83' lang='lat' dir='ltr'><strong>explicata</strong></span> <span class='ocrx_word' id='word_1_143' title='bbox 1014 2200 1102 2268; x_wconf 85' lang='lat' dir='ltr'><strong>sunt,</strong></span> <span class='ocrx_word' id='word_1_144' title='bbox 1118 2184 1230 2283; x_wconf 86' lang='lat' dir='ltr'><strong>quoad</strong></span> 
     </span>
     <span class='ocr_line' id='line_1_18' title="bbox 163 2297 1229 2400; baseline -0.003 -27"><span class='ocrx_word' id='word_1_145' title='bbox 163 2301 230 2399; x_wconf 84' lang='lat' dir='ltr'><strong>ejus</strong></span> <span class='ocrx_word' id='word_1_146' title='bbox 244 2299 318 2372; x_wconf 87' lang='lat' dir='ltr'><strong>fieri</strong></span> <span class='ocrx_word' id='word_1_147' title='bbox 335 2300 476 2400; x_wconf 87' lang='lat' dir='ltr'><strong>poterit,</strong></span> <span class='ocrx_word' id='word_1_148' title='bbox 494 2297 694 2372; x_wconf 86' lang='lat' dir='ltr'><strong>illustratum</strong></span> <span class='ocrx_word' id='word_1_149' title='bbox 714 2323 834 2370; x_wconf 91' lang='lat' dir='ltr'><strong>eamus.</strong></span> <span class='ocrx_word' id='word_1_150' title='bbox 853 2299 1059 2370; x_wconf 82' lang='lat' dir='ltr'><strong>Excusorum</strong></span> <span class='ocrx_word' id='word_1_151' title='bbox 1074 2299 1172 2372; x_wconf 86' lang='lat' dir='ltr'><strong>etiam</strong></span> <span class='ocrx_word' id='word_1_152' title='bbox 1188 2297 1229 2370; x_wconf 93' lang='lat' dir='ltr'><strong>li-</strong></span> 
     </span>
     <span class='ocr_line' id='line_1_19' title="bbox 163 2411 1228 2513; baseline -0.002 -26"><span class='ocrx_word' id='word_1_153' title='bbox 163 2414 297 2488; x_wconf 91' lang='lat' dir='ltr'><strong>brorum</strong></span> <span class='ocrx_word' id='word_1_154' title='bbox 316 2411 460 2486; x_wconf 85' lang='lat' dir='ltr'><strong>maculas</strong></span> <span class='ocrx_word' id='word_1_155' title='bbox 479 2413 796 2513; x_wconf 84' lang='lat' dir='ltr'><strong>manuscriptorum</strong></span> <span class='ocrx_word' id='word_1_156' title='bbox 818 2438 899 2509; x_wconf 89' lang='lat' dir='ltr'><strong>ope,</strong></span> <span class='ocrx_word' id='word_1_157' title='bbox 921 2428 976 2483; x_wconf 78' lang='lat' dir='ltr'><strong>aul</strong></span> <span class='ocrx_word' id='word_1_158' title='bbox 996 2430 1082 2485; x_wconf 86' lang='lat' dir='ltr'><strong>certe</strong></span> <span class='ocrx_word' id='word_1_159' title='bbox 1104 2413 1169 2512; x_wconf 91' lang='lat' dir='ltr'><strong>ipsi</strong></span> <span class='ocrx_word' id='word_1_160' title='bbox 1187 2412 1228 2488; x_wconf 88' lang='lat' dir='ltr'><strong>de</strong></span> 
     </span>
     <span class='ocr_line' id='line_1_20' title="bbox 165 2527 1229 2629; baseline 0.001 -26"><span class='ocrx_word' id='word_1_161' title='bbox 165 2532 297 2627; x_wconf 76' lang='lat' dir='ltr'><strong>ingenio</strong></span> <span class='ocrx_word' id='word_1_162' title='bbox 314 2529 472 2604; x_wconf 84' lang='lat' dir='ltr'><strong>eluamus.</strong></span> <span class='ocrx_word' id='word_1_163' title='bbox 494 2528 606 2602; x_wconf 87' lang='lat' dir='ltr'><strong>Prima</strong></span> <span class='ocrx_word' id='word_1_164' title='bbox 626 2530 759 2629; x_wconf 87' lang='lat' dir='ltr'><strong>quidem</strong></span> <span class='ocrx_word' id='word_1_165' title='bbox 780 2527 923 2600; x_wconf 85' lang='lat' dir='ltr'><strong>editione</strong></span> <span class='ocrx_word' id='word_1_166' title='bbox 947 2529 1229 2604; x_wconf 83' lang='lat' dir='ltr'><strong>Observationum</strong></span> 
     </span>
     <span class='ocr_line' id='line_1_21' title="bbox 165 2642 1228 2744; baseline 0 -24"><span class='ocrx_word' id='word_1_167' title='bbox 165 2665 349 2723; x_wconf 86' lang='lat' dir='ltr'><strong>nostrarum</strong></span> <span class='ocrx_word' id='word_1_168' title='bbox 365 2643 549 2718; x_wconf 87' lang='lat' dir='ltr'><strong>difficiliora</strong></span> <span class='ocrx_word' id='word_1_169' title='bbox 567 2645 713 2744; x_wconf 73' lang='lat' dir='ltr'><strong>quodam</strong></span> <span class='ocrx_word' id='word_1_170' title='bbox 726 2643 798 2717; x_wconf 87' lang='lat' dir='ltr'><strong>loca</strong></span> <span class='ocrx_word' id='word_1_171' title='bbox 813 2643 979 2717; x_wconf 66' lang='lat' dir='ltr'><strong>saltuatim</strong></span> <span class='ocrx_word' id='word_1_172' title='bbox 993 2642 1228 2737; x_wconf 80' lang='lat' dir='ltr'><strong>selegeramus3</strong></span> 
     </span>
     <span class='ocr_line' id='line_1_22' title="bbox 166 2760 1228 2864; baseline 0 -28"><span class='ocrx_word' id='word_1_173' title='bbox 166 2763 325 2864; x_wconf 80' lang='lat' dir='ltr'><strong>planiora,</strong></span> <span class='ocrx_word' id='word_1_174' title='bbox 336 2780 371 2835; x_wconf 92' lang='lat' dir='ltr'><strong>et</strong></span> <span class='ocrx_word' id='word_1_175' title='bbox 382 2789 450 2860; x_wconf 73' lang='lat' dir='ltr'><strong>que</strong></span> <span class='ocrx_word' id='word_1_176' title='bbox 458 2761 503 2835; x_wconf 91' lang='lat' dir='ltr'><strong>ab</strong></span> <span class='ocrx_word' id='word_1_177' title='bbox 514 2761 589 2834; x_wconf 88' lang='lat' dir='ltr'><strong>aliis</strong></span> <span class='ocrx_word' id='word_1_178' title='bbox 599 2760 778 2847; x_wconf 88' lang='lat' dir='ltr'><strong>enucleata,</strong></span> <span class='ocrx_word' id='word_1_179' title='bbox 789 2760 920 2834; x_wconf 86' lang='lat' dir='ltr'><strong>silentio</strong></span> <span class='ocrx_word' id='word_1_180' title='bbox 931 2760 1228 2838; x_wconf 86' lang='lat' dir='ltr'><strong>transmiseramus:</strong></span> 
     </span>
     <span class='ocr_line' id='line_1_23' title="bbox 166 2875 1230 2979; baseline 0 -27"><span class='ocrx_word' id='word_1_181' title='bbox 166 2881 283 2966; x_wconf 90' lang='lat' dir='ltr'><strong>Nunc,</strong></span> <span class='ocrx_word' id='word_1_182' title='bbox 299 2877 435 2955; x_wconf 84' lang='lat' dir='ltr'><strong>hortatu</strong></span> <span class='ocrx_word' id='word_1_183' title='bbox 448 2878 593 2951; x_wconf 75' lang='lat' dir='ltr'><strong>virorum</strong></span> <span class='ocrx_word' id='word_1_184' title='bbox 610 2877 676 2950; x_wconf 86' lang='lat' dir='ltr'><strong>acri</strong></span> <span class='ocrx_word' id='word_1_185' title='bbox 691 2876 836 2974; x_wconf 86' lang='lat' dir='ltr'><strong>judicio,</strong></span> <span class='ocrx_word' id='word_1_186' title='bbox 856 2875 1044 2949; x_wconf 85' lang='lat' dir='ltr'><strong>uberiorem</strong></span> <span class='ocrx_word' id='word_1_187' title='bbox 1062 2894 1096 2949; x_wconf 88' lang='lat' dir='ltr'><strong>et</strong></span> <span class='ocrx_word' id='word_1_188' title='bbox 1108 2906 1230 2979; x_wconf 88' lang='lat' dir='ltr'><strong>perpe-</strong></span> 
     </span>
     <span class='ocr_line' id='line_1_24' title="bbox 167 2983 1230 3094; baseline -0.001 -24"><span class='ocrx_word' id='word_1_189' title='bbox 167 3015 260 3073; x_wconf 88' lang='lat' dir='ltr'><strong>tuum</strong></span> <span class='ocrx_word' id='word_1_190' title='bbox 285 2995 561 3070; x_wconf 74' lang='lat' dir='ltr'><strong>commentarium</strong></span> <span class='ocrx_word' id='word_1_191' title='bbox 579 2995 716 3080; x_wconf 88' lang='lat' dir='ltr'><strong>damus,</strong></span> <span class='ocrx_word' id='word_1_192' title='bbox 738 3022 780 3065; x_wconf 91' lang='lat' dir='ltr'><strong>ne</strong></span> <span class='ocrx_word' id='word_1_193' title='bbox 797 2993 861 3066; x_wconf 88' lang='lat' dir='ltr'><strong>alio</strong></span> <span class='ocrx_word' id='word_1_194' title='bbox 878 2994 1050 3094; x_wconf 74' lang='lat' dir='ltr'><strong>querenda</strong></span> <span class='ocrx_word' id='word_1_195' title='bbox 1069 2995 1113 3068; x_wconf 89' lang='lat' dir='ltr'><strong>sit</strong></span> <span class='ocrx_word' id='word_1_196' title='bbox 1130 2983 1230 3070; x_wconf 87' lang='lat' dir='ltr'><strong>labu-</strong></span> 
     </span>
     <span class='ocr_line' id='line_1_25' title="bbox 168 3111 1231 3213; baseline 0 -26"><span class='ocrx_word' id='word_1_197' title='bbox 168 3115 270 3190; x_wconf 84' lang='lat' dir='ltr'><strong>laruru</strong></span> <span class='ocrx_word' id='word_1_198' title='bbox 283 3114 396 3187; x_wconf 87' lang='lat' dir='ltr'><strong>miuus</strong></span> <span class='ocrx_word' id='word_1_199' title='bbox 412 3111 585 3186; x_wconf 79' lang='lat' dir='ltr'><strong>obviatum</strong></span> <span class='ocrx_word' id='word_1_200' title='bbox 601 3111 775 3184; x_wconf 82' lang='lat' dir='ltr'><strong>enarratio.</strong></span> <span class='ocrx_word' id='word_1_201' title='bbox 802 3112 1003 3210; x_wconf 84' lang='lat' dir='ltr'><strong>Quanquam</strong></span> <span class='ocrx_word' id='word_1_202' title='bbox 1026 3140 1068 3186; x_wconf 91' lang='lat' dir='ltr'><strong>ne</strong></span> <span class='ocrx_word' id='word_1_203' title='bbox 1087 3114 1131 3185; x_wconf 90' lang='lat' dir='ltr'><strong>sic</strong></span> <span class='ocrx_word' id='word_1_204' title='bbox 1154 3114 1231 3213; x_wconf 93' lang='lat' dir='ltr'><strong>qui-</strong></span> 
     </span>
     <span class='ocr_line' id='line_1_26' title="bbox 167 3226 1231 3330; baseline -0.006 -22"><span class='ocrx_word' id='word_1_205' title='bbox 167 3234 237 3310; x_wconf 86' lang='lat' dir='ltr'><strong>dem</strong></span> <span class='ocrx_word' id='word_1_206' title='bbox 251 3260 313 3307; x_wconf 87' lang='lat' dir='ltr'><strong>nos</strong></span> <span class='ocrx_word' id='word_1_207' title='bbox 331 3258 447 3306; x_wconf 86' lang='lat' dir='ltr'><strong>omnes</strong></span> <span class='ocrx_word' id='word_1_208' title='bbox 462 3230 599 3328; x_wconf 88' lang='lat' dir='ltr'><strong>hujusce</strong></span> <span class='ocrx_word' id='word_1_209' title='bbox 615 3226 718 3301; x_wconf 93' lang='lat' dir='ltr'><strong>libelli</strong></span> <span class='ocrx_word' id='word_1_210' title='bbox 733 3226 875 3301; x_wconf 83' lang='lat' dir='ltr'><strong>salebras</strong></span> <span class='ocrx_word' id='word_1_211' title='bbox 888 3226 1119 3327; x_wconf 84' lang='lat' dir='ltr'><strong>explanaturus</strong></span> <span class='ocrx_word' id='word_1_212' title='bbox 1133 3228 1231 3330; x_wconf 93' lang='lat' dir='ltr'><strong>polli-</strong></span> 
     </span>
     <span class='ocr_line' id='line_1_27' title="bbox 166 3342 1230 3446; baseline -0.006 -21"><span class='ocrx_word' id='word_1_213' title='bbox 166 3377 293 3436; x_wconf 89' lang='lat' dir='ltr'><strong>cemur,</strong></span> <span class='ocrx_word' id='word_1_214' title='bbox 310 3365 352 3421; x_wconf 89' lang='lat' dir='ltr'><strong>ut</strong></span> <span class='ocrx_word' id='word_1_215' title='bbox 371 3346 477 3446; x_wconf 81' lang='lat' dir='ltr'><strong>quiris</strong></span> <span class='ocrx_word' id='word_1_216' title='bbox 491 3344 646 3444; x_wconf 88' lang='lat' dir='ltr'><strong>deinceps</strong></span> <span class='ocrx_word' id='word_1_217' title='bbox 657 3342 822 3417; x_wconf 85' lang='lat' dir='ltr'><strong>inollenso</strong></span> <span class='ocrx_word' id='word_1_218' title='bbox 837 3343 919 3442; x_wconf 93' lang='lat' dir='ltr'><strong>pede</strong></span> <span class='ocrx_word' id='word_1_219' title='bbox 934 3373 1139 3444; x_wconf 87' lang='lat' dir='ltr'><strong>quacumque</strong></span> <span class='ocrx_word' id='word_1_220' title='bbox 1151 3373 1230 3445; x_wconf 90' lang='lat' dir='ltr'><strong>pro-</strong></span> 
     </span>
     <span class='ocr_line' id='line_1_28' title="bbox 166 3459 1228 3563; baseline -0.008 -26"><span class='ocrx_word' id='word_1_221' title='bbox 166 3465 333 3563; x_wconf 75' lang='lat' dir='ltr'><strong>grediatur</strong></span> <span class='ocrx_word' id='word_1_222' title='bbox 354 3493 362 3535; x_wconf 92' lang='lat'><strong>:</strong></span> <span class='ocrx_word' id='word_1_223' title='bbox 383 3462 416 3536; x_wconf 92' lang='lat' dir='ltr'><strong>id</strong></span> <span class='ocrx_word' id='word_1_224' title='bbox 436 3462 526 3537; x_wconf 87' lang='lat' dir='ltr'><strong>euim</strong></span> <span class='ocrx_word' id='word_1_225' title='bbox 540 3459 747 3562; x_wconf 88' lang='lat' dir='ltr'><strong>pleniorem,</strong></span> <span class='ocrx_word' id='word_1_226' title='bbox 774 3486 871 3558; x_wconf 86' lang='lat' dir='ltr'><strong>quam</strong></span> <span class='ocrx_word' id='word_1_227' title='bbox 895 3477 973 3534; x_wconf 85' lang='lat' dir='ltr'><strong>aetas</strong></span> <span class='ocrx_word' id='word_1_228' title='bbox 989 3477 1104 3534; x_wconf 84' lang='lat' dir='ltr'><strong>nostra</strong></span> <span class='ocrx_word' id='word_1_229' title='bbox 1125 3460 1228 3543; x_wconf 84' lang='lat' dir='ltr'><strong>serat,</strong></span> 
     </span>
     <span class='ocr_line' id='line_1_29' title="bbox 168 3574 1234 3681; baseline -0.008 -27"><span class='ocrx_word' id='word_1_230' title='bbox 168 3582 386 3655; x_wconf 71' lang='lat' dir='ltr'><strong>eruditionem</strong></span> <span class='ocrx_word' id='word_1_231' title='bbox 400 3575 558 3681; x_wconf 82' lang='lat' dir='ltr'><strong>postulat.</strong></span> <span class='ocrx_word' id='word_1_232' title='bbox 585 3575 714 3649; x_wconf 86' lang='lat' dir='ltr'><strong>Deinde</strong></span> <span class='ocrx_word' id='word_1_233' title='bbox 729 3574 832 3648; x_wconf 83' lang='lat' dir='ltr'><strong>multa</strong></span> <span class='ocrx_word' id='word_1_234' title='bbox 850 3592 930 3647; x_wconf 91' lang='lat' dir='ltr'><strong>sunt</strong></span> <span class='ocrx_word' id='word_1_235' title='bbox 946 3576 980 3647; x_wconf 92' lang='lat' dir='ltr'><strong>in</strong></span> <span class='ocrx_word' id='word_1_236' title='bbox 999 3605 1059 3663; x_wconf 90' lang='lat' dir='ltr'><strong>eo,</strong></span> <span class='ocrx_word' id='word_1_237' title='bbox 1085 3604 1157 3675; x_wconf 83' lang='lat' dir='ltr'><strong>quae</strong></span> <span class='ocrx_word' id='word_1_238' title='bbox 1174 3574 1234 3646; x_wconf 73' lang='lat' dir='ltr'><strong>arsi</strong></span> 
     </span>
    </p>
   </div>
   <div class='ocr_carea' id='block_1_3' title="bbox 170 3687 1236 3799">
    <p class='ocr_par' dir='ltr' id='par_1_3' title="bbox 170 3687 1236 3799">
     <span class='ocr_line' id='line_1_30' title="bbox 170 3687 1236 3799; baseline -0.018 -23"><span class='ocrx_word' id='word_1_239' title='bbox 170 3693 287 3799; x_wconf 54' lang='lat' dir='ltr'><strong>Sibyl&amp;</strong></span> <span class='ocrx_word' id='word_1_240' title='bbox 302 3694 420 3795; x_wconf 66' lang='lat' dir='ltr'><strong>legerit,</strong></span> <span class='ocrx_word' id='word_1_241' title='bbox 440 3710 481 3765; x_wconf 84' lang='lat' dir='ltr'><strong>ut</strong></span> <span class='ocrx_word' id='word_1_242' title='bbox 493 3691 539 3764; x_wconf 86' lang='lat' dir='ltr'><strong>ait</strong></span> <span class='ocrx_word' id='word_1_243' title='bbox 550 3690 638 3791; x_wconf 93' lang='lat' dir='ltr'><strong>apud</strong></span> <span class='ocrx_word' id='word_1_244' title='bbox 655 3690 810 3763; x_wconf 85' lang='lat' dir='ltr'><strong>Plautum</strong></span> <span class='ocrx_word' id='word_1_245' title='bbox 823 3687 1029 3777; x_wconf 88' lang='lat' dir='ltr'><strong>Pseudolus,</strong></span> <span class='ocrx_word' id='word_1_246' title='bbox 1046 3688 1236 3787; x_wconf 74' lang='lat' dir='ltr'><strong>interpretari</strong></span> 
     </span>
    </p>
   </div>
   <div class='ocr_carea' id='block_1_4' title="bbox 169 3802 1026 3905">
    <p class='ocr_par' dir='ltr' id='par_1_4' title="bbox 169 3802 1026 3905">
     <span class='ocr_line' id='line_1_31' title="bbox 169 3802 1026 3905; baseline -0.006 -26"><span class='ocrx_word' id='word_1_247' title='bbox 169 3806 267 3879; x_wconf 76' lang='lat' dir='ltr'><strong>olium</strong></span> <span class='ocrx_word' id='word_1_248' title='bbox 279 3834 364 3905; x_wconf 72' lang='lat' dir='ltr'><strong>posse</strong></span> <span class='ocrx_word' id='word_1_249' title='bbox 376 3835 442 3883; x_wconf 82' lang='lat' dir='ltr'><strong>reor</strong></span> <span class='ocrx_word' id='word_1_250' title='bbox 452 3806 597 3878; x_wconf 74' lang='lat' dir='ltr'><strong>nemmem</strong></span> <span class='ocrx_word' id='word_1_251' title='bbox 610 3833 623 3887; x_wconf 91' lang='lat'><em>;</em></span> <span class='ocrx_word' id='word_1_252' title='bbox 647 3802 831 3900; x_wconf 82' lang='lat' dir='ltr'><strong>eujusmodi</strong></span> <span class='ocrx_word' id='word_1_253' title='bbox 848 3820 927 3877; x_wconf 89' lang='lat' dir='ltr'><strong>sunt</strong></span> <span class='ocrx_word' id='word_1_254' title='bbox 942 3804 1026 3876; x_wconf 90' lang='lat' dir='ltr'><strong>ista:</strong></span> 
     </span>
    </p>
   </div>
   <div class='ocr_carea' id='block_1_5' title="bbox 369 3914 1017 4111">
    <p class='ocr_par' dir='ltr' id='par_1_5' title="bbox 369 3914 1017 4111">
     <span class='ocr_line' id='line_1_32' title="bbox 369 3914 1017 4022; baseline -0.008 -16"><span class='ocrx_word' id='word_1_255' title='bbox 369 3948 615 4022; x_wconf 73' lang='lat' dir='ltr'><strong>AutrelutEuryali</strong></span> <span class='ocrx_word' id='word_1_256' title='bbox 630 3951 674 4020; x_wconf 91' lang='lat' dir='ltr'><strong>qui</strong></span> <span class='ocrx_word' id='word_1_257' title='bbox 685 3958 816 4019; x_wconf 81' lang='lat' dir='ltr'><strong>sceptrum</strong></span> <span class='ocrx_word' id='word_1_258' title='bbox 829 3914 899 4020; x_wconf 86' lang='lat' dir='ltr'><strong>cepit</strong></span> <span class='ocrx_word' id='word_1_259' title='bbox 913 3948 1017 4010; x_wconf 80' lang='lat' dir='ltr'><strong>abillo,</strong></span> 
     </span>
     <span class='ocr_line' id='line_1_33' title="bbox 403 4041 906 4111; baseline -0.016 -11"><span class='ocrx_word' id='word_1_260' title='bbox 403 4042 462 4099; x_wconf 55' lang='grc' dir='ltr'><strong>«Ἧι</strong></span> <span class='ocrx_word' id='word_1_261' title='bbox 474 4053 544 4097; x_wconf 70' lang='lat' dir='ltr'><strong>mus</strong></span> <span class='ocrx_word' id='word_1_262' title='bbox 556 4041 636 4096; x_wconf 78' lang='lat' dir='ltr'><strong>avidis</strong></span> <span class='ocrx_word' id='word_1_263' title='bbox 650 4041 776 4111; x_wconf 77' lang='lat' dir='ltr'><strong>anguibus</strong></span> <span class='ocrx_word' id='word_1_264' title='bbox 789 4061 847 4096; x_wconf 76' lang='lat' dir='ltr'><strong>esea</strong></span> <span class='ocrx_word' id='word_1_265' title='bbox 861 4041 906 4094; x_wconf 87' lang='lat' dir='ltr'><strong>tui.</strong></span> 
     </span>
    </p>
   </div>
   <div class='ocr_carea' id='block_1_6' title="bbox 0 0 1404 4694">
    <p class='ocr_par' dir='ltr' id='par_1_6' title="bbox 0 0 1404 4694">
     <span class='ocr_line' id='line_1_34' title="bbox 0 0 1404 4694; baseline 0 0"><span class='ocrx_word' id='word_1_266' title='bbox 0 0 1404 4694; x_wconf 95' lang='lat' dir='ltr'><strong> </strong></span> 
     </span>
    </p>
   </div>
  </div>
 </body>
</html>
