2768 4694
156 345 221 414 3ι6
488 319 886 404 n'untcnulonns

316 478 378 534 lloe
388 485 464 548 pater
474 475 502 528 in
512 472 607 527 virides
619 452 754 525 reveritus
765 468 864 525 lesonis
879 484 982 534 annos,

355 563 606 637 Amphitryoniades
615 561 665 616 boo
676 559 762 617 lolius
775 570 839 614 erat

320 656 474 728 Anguibus,
487 653 590 708 exuvias
600 653 637 706 sie
646 670 729 721 quum
744 669 854 721 posuere
867 646 979 714 seniles,

351 747 397 802 sie
407 745 522 801 maribus
532 743 614 800 nervis
624 761 681 797 sera
691 743 799 810 juventa
811 739 887 794 redit

317 841 396 898 Nune
405 839 453 893 tibi
462 857 490 892 se
501 836 610 891 tradunt
620 834 707 905 operis
717 832 841 903 proludia
850 830 929 901 justi,

353 926 518 985 Pertexentla
529 926 594 979 mibi
606 921 667 995 quo‘
675 935 719 978 tua
730 923 790 978 villa
800 922 888 986 orbiu

320 1019 414 1090 Quum
426 1035 521 1072 vacuus
532 1016 601 1070 eurls
611 1015 713 1069 animus
724 1014 856 1082 liberque,
868 1030 997 1081 suusque,

352 1111 392 1164 Te
404 1107 453 1162 sibi
464 1117 620 1178 presentem
630 1115 723 1159 cernet
734 1105 823 1159 adesse
835 1103 934 1156 Deum.

324 1197 486 1265 Conspectus
497 1195 562 1249 mibi
574 1196 670 1266 quippe
683 1204 742 1248 tuus
755 1191 937 1261 Phoebumque
951 1193 1081 1247 laventem

354 1285 426 1342 Cum
437 1285 512 1340 latice
525 1285 614 1338 Aonio
627 1285 816 1355 Pegasidasque
829 1283 903 1337 leret.

323 1381 388 1434 Haec
398 1376 467 1438 aliud
479 1386 588 1446 pereant
600 1388 631 1431 ut
643 1377 779 1445 agentibus
791 1376 843 1463 ptio
854 1374 946 1441 nobis,

357 1467 464 1521 Publica
475 1467 516 1519 vir
528 1467 593 1521 tanti
605 1465 696 1521 debuit
704 1485 759 1521 esse
770 1465 845 1519 salus.

322 1559 425 1624 Patria,
437 1557 585 1611 deveniam
598 1575 605 1609 ε
618 1555 690 1627 quod
701 1575 757 1610 non
770 1555 830 1610 lieet
840 1574 894 1609 esse
907 1554 1006 1620 bestis¹

355 1647 428 1701 Dum
441 1648 537 1719 premit
547 1646 667 1701 adsiduos
678 1665 727 1700 nos
739 1658 784 1700 tua
795 1664 857 1700 eura
868 1687 875 1714 ‚
891 1664 996 1715 queror.

325 1739 391 1793 line
400 1737 428 1791 in
439 1738 575 1807 procinctu
587 1737 733 1792 meditabar
743 1737 859 1792 earmina
871 1745 983 1816 musto,

360 1826 454 1882 Carior
465 1847 482 1881 ο
493 1829 546 1883 vita
555 1827 750 1898 luminibusque
762 1826 834 1881 milti.

326 1917 426 1971 Rursus
438 1918 619 1989 Hyperboreae
628 1916 700 1972 sidus
712 1917 816 1987 glaciale
827 1916 875 1971 sub
884 1917 963 1972 Ursa

325 2064 328 2069 ,
359 2008 391 2061 ln
404 2007 495 2062 Getica
505 2007 596 2062 sedem
607 2008 687 2077 ligere
701 2007 794 2063 misum
805 2007 905 2072 burno;

326 2097 373 2153 Me
388 2098 448 2153 lieet
458 2098 555 2152 insanis
568 2098 742 2171 Aquilonibus
752 2097 874 2152 horridus
884 2097 984 2164 ether,

363 2189 411 2243 Me
423 2191 499 2255 nise,
510 2207 555 2243 me
566 2188 647 2243 eruda
659 2188 785 2259 modius
799 2189 884 2258 pulset
895 2189 987 2261 hyems
999 2208 1007 2243 s

329 2281 485 2337 inconeussa
496 2279 566 2334 leret
577 2281 681 2335 nimbos
692 2279 811 2334 brumale
823 2280 937 2350 rigentes

364 2370 443 2425 Mens
455 2371 577 2426 desiderii
589 2371 666 2442 plena
677 2370 762 2426 calore
776 2372 821 2426 tui.

562 2537 845 2563 mmm

341 2789 384 2860 Η.
413 2786 640 2872 CIOFANl,
667 2783 1063 2872 SULMONENSIS,
1100 2810 1102 2814 ·

591 2995 814 3053 PRAEFATIO

226 3179 271 3245 IN
288 3183 326 3246 P.
347 3181 499 3248 OVlDll
513 3178 708 3247 NASONIS
725 3179 885 3248 LIBROS
906 3177 1170 3246 Fastorum.

172 3386 178 3394 ’
222 3376 274 3448 Ex
283 3376 437 3450 omnibus
450 3395 593 3455 veterum
603 3394 775 3478 poetarum
786 3379 1018 3466 monumentis,
1028 3375 1155 3452 nullum
1166 3375 1229 3448 ho-

175 3497 290 3572 diemo
306 3498 358 3573 die
383 3518 486 3599 exstat
510 3529 611 3602 opus,
624 3500 724 3602 ,quod
740 3519 798 3575 aut
815 3486 1001 3576 eruditione
1013 3481 1097 3590 saut
1112 3499 1231 3587 rebus,

176 3651 248 3722 qun
260 3622 302 3696 ad
315 3623 498 3696 Romanam
510 3624 737 3724 antiquitatem
756 3625 1016 3720 cognoscendam
1031 3624 1231 3726 pertineant,

174 3745 239 3820 hos
258 3748 388 3822 OvllttI
404 3749 579 3822 Fastorum
597 3747 702 3824 libros
718 3747 899 3823 antecellat.
915 3750 1017 3846 Quod
1031 3777 1135 3850 quum
1146 3774 1236 3850 pers·

174 3871 310 3971 pienum
327 3873 390 3962 sit,
406 3869 501 3945 amici
518 3871 652 3970 quidam
667 3872 754 3960 mei,
772 3873 889 3946 barum
902 3872 1089 3960 literarum,
1108 3899 1182 3973 quae
1195 3869 1235 3944 ab

173 3991 377 4070 humanitate
394 4021 515 4069 nomen
533 3996 657 4070 sortite
674 4011 770 4085 sunt,
788 3994 1005 4093 intelligentia
1017 3995 1145 4086 ornati,
1158 3992 1235 4070 effe·
