2768 4694
156 345 201 435 9⁶
492 347 529 410 r.
557 345 740 417 ovrnrr
772 348 906 415 vrri.

155 483 196 559 ad
205 483 394 558 Ciceronem
404 511 443 557 ex
453 483 534 584 ipsis
544 485 658 559 castris
668 483 806 586 epistola
822 460 917 585 ¹,qua
928 482 1096 582 duplicem
1107 487 1224 562 Pansae

157 597 322 700 Hirtiique
337 627 481 700 pugnam
496 628 570 672 cum
581 602 631 674 M.
648 599 795 673 Antonio
809 599 988 694 contigisse
1004 618 1081 672 xvtt
1099 602 1220 676 kalend.

156 715 264 788 Motus
277 712 334 786 ille
350 714 491 787 nuntiat.
511 715 575 790 Sed
592 714 685 788 facile
702 715 814 816 potuit
831 713 987 787 mendum
1001 713 1033 786 in
1047 734 1146 791 notas
1161 746 1222 792 nu·

157 828 294 919 merales
307 828 517 905 librariorum
529 830 625 932 culpa
642 833 800 930 irrepere,
811 858 848 902 ac
859 857 921 928 pro
935 849 997 902 XVI
1011 831 1113 904 scribi
1125 852 1220 906 xvtl:

156 948 432 1049 quemadmodum
449 948 688 1024 emditissimus
710 945 801 1020 Pani.
823 947 1000 1021 Manutius
1019 966 1150 1036 censet,
1173 969 1221 1024 ΧΗ

155 1063 495 1163 tat.Mortproxv1,
523 1063 564 1137 ad
586 1059 734 1163 epistole
757 1061 876 1136 calcem
898 1060 998 1136 fuisse
1022 1061 1219 1164 adpositum.

155 1178 428 1253 Emendationem
445 1208 579 1279 quoque
601 1208 670 1252 non
696 1207 813 1279 parum
831 1177 965 1263 suadet,
985 1178 1075 1278 quod
1090 1180 1222 1255 nonnisi

156 1313 207 1368 ΧΗ
217 1295 280 1367 tat.
294 1291 424 1365 Maride
436 1293 541 1392 copiis
551 1295 600 1365 M.
613 1292 752 1364 Antonii
764 1291 947 1391 profligatis
957 1292 1099 1366 nuncios
1109 1294 1221 1369 Roma

155 1427 366 1511 acceperunt,
381 1426 481 1508 prout
496 1409 632 1495 Cicero,
647 1408 753 1508 Epist.
771 1427 824 1480 Vll
837 1408 878 1480 ad
890 1410 1047 1499 Brutum,
1061 1431 1082 1485 x
1094 1410 1218 1486 kalend

159 1527 246 1603 Maii
260 1524 353 1611 data,
378 1523 503 1596 scribit.
523 1523 655 1598 Etenim
673 1539 763 1594 tanta
777 1551 845 1596 non
863 1540 931 1594 erat
947 1522 1031 1596 inter
1048 1542 1221 1628 utramque

157 1640 284 1727 urbem,
299 1639 464 1712 Mutinam
478 1668 515 1713 ac
530 1639 669 1712 Romam
681 1636 852 1725 distantia,
867 1653 905 1710 ut
915 1638 1035 1710 nunciis
1048 1648 1061 1677 ²
1074 1639 1221 1742 quinque

157 1760 276 1833 diebus
293 1776 378 1831 esset
392 1784 486 1857 opus.
930 1759 933 1765 ’
1040 1769 1043 1775 “

204 1879 256 1947 Ex
272 1875 333 1946 hac
351 1900 451 1973 porro
468 1897 581 1971 pugna
595 1872 644 1943 M.
663 1869 832 1944 Antonius
855 1898 929 1943 cum
949 1870 1077 1965 integro
1099 1868 1111 1908 ³
1130 1873 1219 1973 equi-

157 2009 227 2066 tatu
244 1990 413 2074 recedens,
429 1988 505 2061 hom
521 1989 615 2060 noctis
623 2003 732 2088 quartu
747 2015 780 2060 se
792 1989 822 2059 in
833 2003 933 2060 costra
942 2015 999 2061 suu
1011 1986 1056 2060 ud
1064 1987 1219 2062 Mutrium

155 2104 292 2205 recepit⁴
308 2134 315 2192 ;
334 2105 391 2179 sed
409 2104 522 2205 paucis
541 2123 619 2205 post
635 2103 753 2177 diebus
768 2103 885 2176 iterum
903 2103 1031 2177 Hirtius
1049 2104 1220 2206 Casarquc

157 2249 231 2296 cum
244 2251 284 2296 eo
297 2223 365 2295 acie
378 2222 544 2315 congressi
559 2222 628 2319 ejus
639 2222 751 2321 copias
764 2219 970 2306 deleverunt,
989 2221 1165 2321 ipsumque
1179 2223 1218 2296 ad

158 2335 269 2430 fugam
286 2333 514 2433 compulerunt
534 2332 556 2407 ⁵.
585 2334 687 2431 Quod
705 2332 820 2407 Cicero
846 2333 994 2433 Epistola
1018 2336 1124 2406 Bruto
1148 2364 1219 2409 nar-

157 2482 233 2527 rans
247 2485 254 2526 :
269 2488 284 2517 u
299 2452 441 2538 Hirtius,
451 2452 570 2552 inquit,
581 2452 615 2523 in
628 2452 699 2551 ipsa
709 2451 843 2524 victoria
856 2451 986 2539 occidit,
998 2480 1099 2551 quum
1107 2456 1219 2552 paucis

160 2601 178 2634 ›>
200 2568 318 2643 diebus
336 2570 449 2664 (NB.)
468 2595 587 2662 magno
616 2565 728 2666 praelio
752 2584 826 2640 ante
849 2566 1003 2641 vicisset:
1021 2592 1094 2637 nam
1113 2567 1218 2643 Pansa

161 2722 178 2750 n
197 2688 344 2782 fugerat,
361 2684 553 2758 vulneribus
568 2683 725 2783 acceptis,
745 2713 817 2783 quac
833 2684 915 2757 serre.
929 2713 997 2756 non
1013 2683 1131 2782 potuit.
1151 2719 1168 2749 »

203 2808 262 2876 lv,
289 2801 595 2899 Menseminsuper,
613 2816 712 2899 atquc
728 2798 806 2872 diem
823 2797 981 2873 natalium
998 2797 1139 2873 Ovidius
1157 2830 1217 2874 nos

157 2921 272 2994 docuit
288 2919 399 2995 eadem
415 2916 548 3011 Elegia,
565 2943 646 2989 vers.
666 2918 756 3016 9-14
773 2948 780 2989 ε

317 3069 374 3122 Nec
384 3067 460 3136 stirps
472 3064 555 3134 prima
567 3064 618 3127 sui;
631 3064 720 3133 genito
733 3066 787 3133 jam
799 3062 880 3115 fratre
892 3076 1006 3127 creatus,

352 3156 408 3225 Qui
419 3156 501 3210 tribus
511 3166 572 3207 ante
583 3165 677 3222 quater
687 3154 820 3206 mensibus
831 3163 904 3205 ortus
915 3164 977 3207 urat.

319 3247 422 3302 Lucifer
432 3245 571 3301 amborum
583 3245 712 3298 natalibus
724 3244 807 3298 adfuit
819 3243 896 3297 idem.

355 3341 413 3393 Una
424 3337 553 3392 celebrata
566 3347 604 3390 est
616 3356 663 3406 per
673 3335 727 3389 duo
738 3335 789 3388 liba
802 3340 864 3388 dies.

316 3431 378 3483 Hac
387 3439 426 3482 est
436 3427 567 3480 armiferre
580 3425 650 3480 sestis
661 3425 693 3479 de
704 3425 820 3494 quinque
832 3425 961 3478 Minervio
975 3465 982 3490 ,

352 3519 422 3589 Qun
433 3517 491 3572 fieri
504 3537 591 3587 pugna
601 3517 685 3585 prima
695 3526 806 3569 cruenta
816 3516 889 3570 solet.

187 3685 196 3714 ¹
214 3679 270 3732 Lib.
284 3680 328 3743 X,
342 3677 391 3747 Ep.
408 3694 480 3746 xxx,
494 3676 577 3731 samii.

186 3768 199 3799 ²
217 3764 309 3835 Qualis
322 3781 376 3815 non
388 3773 444 3816 erat
455 3764 556 3830 lupus,
573 3761 606 3816 D.
619 3761 696 3816 Bruti
706 3771 734 3814 et
747 3761 883 3817 Ciceronis
894 3762 1039 3829 familiaris,
1052 3763 1096 3832 qui
1110 3767 1215 3819 Romana

154 3859 226 3904 sexto
237 3851 279 3901 die
290 3847 392 3898 Mutina
403 3851 482 3909 sunit,
496 3845 539 3897 lib.
550 3846 608 3910 Xi,
621 3845 702 3915 Enim.
713 3845 795 3898 tamir.
812 3864 849 3898 rr.

186 3931 197 3964 ³
214 3932 276 3984 Vid.
288 3929 374 3983 Cicer.
384 3927 427 3980 lib.
437 3929 477 3993 X,
492 3928 541 3997 Ep.
551 3946 596 3992 xv,
609 3944 714 3993 xxxrrr,
727 3945 810 3983 xxxiv
820 3949 827 3992 ;
838 3940 866 3984 rt
874 3931 917 3983 tib.
928 3931 983 3996 Xl,
998 3931 1047 4000 Ep.
1058 3949 1074 3984 x
1086 3931 1117 3984 ad
1128 3931 1190 3982 fam.

186 4018 198 4052 ⁴
215 4017 290 4071 Idem
303 4016 345 4068 tib.
357 4016 397 4081 Χ,
410 4013 460 4082 Ep.
472 4029 525 4066 xxx
535 4013 565 4065 ad
575 4013 637 4066 sam.

189 4099 200 4132 ⁸
217 4099 281 4165 Dio,
298 4100 340 4154 tib.
352 4098 461 4165 XLVI,
474 4115 531 4166 pag.
541 4097 605 4165 318,
616 4107 664 4152 etc.
