<?xml version="1.0" encoding="UTF-8"?>
<!DOCTYPE html PUBLIC "-//W3C//DTD XHTML 1.0 Transitional//EN"
    "http://www.w3.org/TR/xhtml1/DTD/xhtml1-transitional.dtd">
<html xmlns="http://www.w3.org/1999/xhtml" xml:lang="en" lang="en">
 <head>
  <title>
</title>
<meta http-equiv="Content-Type" content="text/html;charset=utf-8" />
  <meta name='ocr-system' content='tesseract 3.04.00' />
  <meta name='ocr-capabilities' content='ocr_page ocr_carea ocr_par ocr_line ocrx_word'/>
</head>
<body>
  <div class='ocr_page' id='page_1' title='image "./publiiovidiinas02massgoog/publiiovidiinas02massgoog_0095.png"; bbox 0 0 2768 4694; ppageno 0'>
   <div class='ocr_carea' id='block_1_1' title="bbox 159 292 1021 363">
    <p class='ocr_par' dir='ltr' id='par_1_1' title="bbox 159 292 1021 363">
     <span class='ocr_line' id='line_1_1' title="bbox 159 292 1021 363; baseline 0.001 -4"><span class='ocrx_word' id='word_1_1' title='bbox 159 301 202 361; x_wconf 79' lang='lat'><strong>88</strong></span> <span class='ocrx_word' id='word_1_2' title='bbox 351 297 388 359; x_wconf 89' lang='lat' dir='ltr'><strong>P.</strong></span> <span class='ocrx_word' id='word_1_3' title='bbox 418 297 595 363; x_wconf 89' lang='lat' dir='ltr'>OVIDII</span> <span class='ocrx_word' id='word_1_4' title='bbox 622 292 849 362; x_wconf 85' lang='lat' dir='ltr'>NASONIS</span> <span class='ocrx_word' id='word_1_5' title='bbox 878 295 1021 361; x_wconf 84' lang='lat' dir='ltr'><strong>VITA.</strong></span> 
     </span>
    </p>
   </div>
   <div class='ocr_carea' id='block_1_2' title="bbox 154 433 1224 769">
    <p class='ocr_par' dir='ltr' id='par_1_2' title="bbox 154 433 1224 769">
     <span class='ocr_line' id='line_1_2' title="bbox 154 433 1224 537; baseline 0.007 -29"><span class='ocrx_word' id='word_1_6' title='bbox 154 434 281 533; x_wconf 86' lang='lat' dir='ltr'><strong>juvenis</strong></span> <span class='ocrx_word' id='word_1_7' title='bbox 296 433 417 523; x_wconf 86' lang='lat' dir='ltr'><strong>modo,</strong></span> <span class='ocrx_word' id='word_1_8' title='bbox 438 434 558 521; x_wconf 76' lang='lat' dir='ltr'><strong>virise,</strong></span> <span class='ocrx_word' id='word_1_9' title='bbox 577 434 634 508; x_wconf 88' lang='lat' dir='ltr'><strong>sed</strong></span> <span class='ocrx_word' id='word_1_10' title='bbox 651 463 692 509; x_wconf 92' lang='lat' dir='ltr'><strong>ne</strong></span> <span class='ocrx_word' id='word_1_11' title='bbox 712 436 805 537; x_wconf 88' lang='lat' dir='ltr'><strong>pueri</strong></span> <span class='ocrx_word' id='word_1_12' title='bbox 825 434 973 535; x_wconf 86' lang='lat' dir='ltr'><strong>quidem,</strong></span> <span class='ocrx_word' id='word_1_13' title='bbox 988 435 1224 516; x_wconf 80' lang='lat' dir='ltr'><strong>attribuantur.</strong></span> 
     </span>
     <span class='ocr_line' id='line_1_3' title="bbox 156 541 1224 653; baseline 0.009 -31"><span class='ocrx_word' id='word_1_14' title='bbox 156 551 342 651; x_wconf 85' lang='lat' dir='ltr'><strong>Desperans</strong></span> <span class='ocrx_word' id='word_1_15' title='bbox 361 541 493 625; x_wconf 86' lang='lat' dir='ltr'><strong>tandem</strong></span> <span class='ocrx_word' id='word_1_16' title='bbox 509 550 550 624; x_wconf 89' lang='lat' dir='ltr'><strong>ab</strong></span> <span class='ocrx_word' id='word_1_17' title='bbox 569 551 684 625; x_wconf 90' lang='lat' dir='ltr'><strong>urbem</strong></span> <span class='ocrx_word' id='word_1_18' title='bbox 696 551 840 625; x_wconf 90' lang='lat' dir='ltr'><strong>reditum</strong></span> <span class='ocrx_word' id='word_1_19' title='bbox 852 551 1061 653; x_wconf 87' lang='lat' dir='ltr'><strong>impetrarca</strong></span> <span class='ocrx_word' id='word_1_20' title='bbox 1079 554 1224 646; x_wconf 78' lang='lat' dir='ltr'><strong>Cesare,</strong></span> 
     </span>
     <span class='ocr_line' id='line_1_4' title="bbox 158 661 1152 769; baseline 0.007 -32"><span class='ocrx_word' id='word_1_21' title='bbox 158 662 205 737; x_wconf 91' lang='lat' dir='ltr'><strong>sic</strong></span> <span class='ocrx_word' id='word_1_22' title='bbox 219 664 259 737; x_wconf 90' lang='lat' dir='ltr'><strong>ad</strong></span> <span class='ocrx_word' id='word_1_23' title='bbox 276 692 431 750; x_wconf 86' lang='lat' dir='ltr'><strong>uxorem,</strong></span> <span class='ocrx_word' id='word_1_24' title='bbox 459 663 499 738; x_wconf 90' lang='lat' dir='ltr'><strong>‹le</strong></span> <span class='ocrx_word' id='word_1_25' title='bbox 515 665 616 738; x_wconf 86' lang='lat' dir='ltr'><strong>Trist.</strong></span> <span class='ocrx_word' id='word_1_26' title='bbox 632 661 690 737; x_wconf 92' lang='lat' dir='ltr'><strong>lib.</strong></span> <span class='ocrx_word' id='word_1_27' title='bbox 708 668 782 751; x_wconf 87' lang='grc' dir='ltr'>ΙΙΙ,</span> <span class='ocrx_word' id='word_1_28' title='bbox 801 664 894 761; x_wconf 85' lang='lat' dir='ltr'><strong>Eleg.</strong></span> <span class='ocrx_word' id='word_1_29' title='bbox 910 683 973 754; x_wconf 86' lang='grc' dir='ltr'>ιιι,</span> <span class='ocrx_word' id='word_1_30' title='bbox 994 667 1152 769; x_wconf 82' lang='lat' dir='ltr'><strong>scripsit:</strong></span> 
     </span>
    </p>
   </div>
   <div class='ocr_carea' id='block_1_3' title="bbox 322 836 1133 1898">
    <p class='ocr_par' dir='ltr' id='par_1_3' title="bbox 324 836 967 1000">
     <span class='ocr_line' id='line_1_5' title="bbox 324 836 967 908; baseline 0.002 -16"><span class='ocrx_word' id='word_1_31' title='bbox 324 836 391 892; x_wconf 79' lang='lat' dir='ltr'><strong>Ossa</strong></span> <span class='ocrx_word' id='word_1_32' title='bbox 403 848 491 895; x_wconf 83' lang='lat' dir='ltr'><strong>tamen</strong></span> <span class='ocrx_word' id='word_1_33' title='bbox 503 837 582 891; x_wconf 75' lang='lat' dir='ltr'><strong>facito</strong></span> <span class='ocrx_word' id='word_1_34' title='bbox 593 856 672 908; x_wconf 78' lang='lat' dir='ltr'><strong>parva</strong></span> <span class='ocrx_word' id='word_1_35' title='bbox 684 838 835 893; x_wconf 81' lang='lat' dir='ltr'><strong>reserantur</strong></span> <span class='ocrx_word' id='word_1_36' title='bbox 846 840 872 892; x_wconf 90' lang='lat' dir='ltr'><strong>iu</strong></span> <span class='ocrx_word' id='word_1_37' title='bbox 885 858 967 894; x_wconf 82' lang='lat' dir='ltr'><strong>uma:</strong></span> 
     </span>
     <span class='ocr_line' id='line_1_6' title="bbox 356 927 896 1000; baseline 0.004 -18"><span class='ocrx_word' id='word_1_38' title='bbox 356 929 400 983; x_wconf 87' lang='lat' dir='ltr'><strong>Sic</strong></span> <span class='ocrx_word' id='word_1_39' title='bbox 410 949 460 1000; x_wconf 76' lang='lat' dir='ltr'><strong>ego</strong></span> <span class='ocrx_word' id='word_1_40' title='bbox 471 948 527 983; x_wconf 87' lang='lat' dir='ltr'><strong>non</strong></span> <span class='ocrx_word' id='word_1_41' title='bbox 538 930 617 984; x_wconf 81' lang='lat' dir='ltr'><strong>etiam</strong></span> <span class='ocrx_word' id='word_1_42' title='bbox 626 927 748 985; x_wconf 81' lang='lat' dir='ltr'><strong>mortuus</strong></span> <span class='ocrx_word' id='word_1_43' title='bbox 760 932 830 985; x_wconf 79' lang='lat' dir='ltr'><strong>exsul</strong></span> <span class='ocrx_word' id='word_1_44' title='bbox 843 951 896 984; x_wconf 88' lang='lat' dir='ltr'><strong>ero.</strong></span> 
     </span>
    </p>

    <p class='ocr_par' dir='ltr' id='par_1_4' title="bbox 325 1021 1133 1185">
     <span class='ocr_line' id='line_1_7' title="bbox 325 1021 1133 1095; baseline 0.002 -18"><span class='ocrx_word' id='word_1_45' title='bbox 325 1021 387 1077; x_wconf 87' lang='lat' dir='ltr'><strong>Non</strong></span> <span class='ocrx_word' id='word_1_46' title='bbox 399 1030 469 1076; x_wconf 79' lang='lat' dir='ltr'><strong>vetat</strong></span> <span class='ocrx_word' id='word_1_47' title='bbox 480 1021 529 1076; x_wconf 87' lang='lat' dir='ltr'><strong>boc</strong></span> <span class='ocrx_word' id='word_1_48' title='bbox 540 1023 677 1092; x_wconf 83' lang='lat' dir='ltr'><strong>quisquam</strong></span> <span class='ocrx_word' id='word_1_49' title='bbox 688 1041 695 1075; x_wconf 78' lang='grc' dir='ltr'>ι</span> <span class='ocrx_word' id='word_1_50' title='bbox 706 1021 814 1076; x_wconf 83' lang='lat' dir='ltr'><strong>fratrem</strong></span> <span class='ocrx_word' id='word_1_51' title='bbox 827 1021 954 1076; x_wconf 84' lang='lat' dir='ltr'><strong>Thebana</strong></span> <span class='ocrx_word' id='word_1_52' title='bbox 964 1034 1133 1095; x_wconf 86' lang='lat' dir='ltr'><strong>peremptum</strong></span> 
     </span>
     <span class='ocr_line' id='line_1_8' title="bbox 353 1114 888 1185; baseline -0.006 -17"><span class='ocrx_word' id='word_1_53' title='bbox 353 1114 497 1183; x_wconf 85' lang='lat' dir='ltr'><strong>Subposuit</strong></span> <span class='ocrx_word' id='word_1_54' title='bbox 508 1115 610 1167; x_wconf 86' lang='lat' dir='ltr'><strong>tumulo</strong></span> <span class='ocrx_word' id='word_1_55' title='bbox 621 1133 682 1185; x_wconf 79' lang='lat' dir='ltr'><strong>rege</strong></span> <span class='ocrx_word' id='word_1_56' title='bbox 693 1124 797 1167; x_wconf 74' lang='lat' dir='ltr'><strong>vetante</strong></span> <span class='ocrx_word' id='word_1_57' title='bbox 808 1134 888 1167; x_wconf 87' lang='lat' dir='ltr'><strong>soror.</strong></span> 
     </span>
    </p>

    <p class='ocr_par' dir='ltr' id='par_1_5' title="bbox 322 1204 992 1363">
     <span class='ocr_line' id='line_1_9' title="bbox 322 1204 992 1275; baseline 0 -16"><span class='ocrx_word' id='word_1_58' title='bbox 322 1207 410 1274; x_wconf 81' lang='lat' dir='ltr'><strong>Atque</strong></span> <span class='ocrx_word' id='word_1_59' title='bbox 423 1225 454 1259; x_wconf 83' lang='lat' dir='ltr'><strong>ea</strong></span> <span class='ocrx_word' id='word_1_60' title='bbox 465 1222 526 1258; x_wconf 89' lang='lat' dir='ltr'><strong>cum</strong></span> <span class='ocrx_word' id='word_1_61' title='bbox 535 1204 617 1272; x_wconf 81' lang='lat' dir='ltr'><strong>soliis,</strong></span> <span class='ocrx_word' id='word_1_62' title='bbox 629 1216 656 1258; x_wconf 86' lang='lat' dir='ltr'><strong>et</strong></span> <span class='ocrx_word' id='word_1_63' title='bbox 668 1206 764 1259; x_wconf 81' lang='lat' dir='ltr'><strong>amomi</strong></span> <span class='ocrx_word' id='word_1_64' title='bbox 777 1205 884 1275; x_wconf 86' lang='lat' dir='ltr'><strong>pulvere</strong></span> <span class='ocrx_word' id='word_1_65' title='bbox 897 1205 992 1274; x_wconf 78' lang='lat' dir='ltr'><strong>misce,</strong></span> 
     </span>
     <span class='ocr_line' id='line_1_10' title="bbox 358 1295 897 1363; baseline -0.002 -15"><span class='ocrx_word' id='word_1_66' title='bbox 358 1295 445 1363; x_wconf 80' lang='lat' dir='ltr'><strong>Atque</strong></span> <span class='ocrx_word' id='word_1_67' title='bbox 458 1296 608 1348; x_wconf 86' lang='lat' dir='ltr'><strong>suburbano</strong></span> <span class='ocrx_word' id='word_1_68' title='bbox 619 1296 725 1350; x_wconf 79' lang='lat' dir='ltr'><strong>condita</strong></span> <span class='ocrx_word' id='word_1_69' title='bbox 735 1297 813 1350; x_wconf 82' lang='lat' dir='ltr'><strong>crede</strong></span> <span class='ocrx_word' id='word_1_70' title='bbox 824 1296 879 1350; x_wconf 88' lang='lat' dir='ltr'><strong>solo</strong></span> <span class='ocrx_word' id='word_1_71' title='bbox 890 1315 897 1348; x_wconf 89' lang='lat'><strong>:</strong></span> 
     </span>
    </p>

    <p class='ocr_par' dir='ltr' id='par_1_6' title="bbox 327 1387 997 1534">
     <span class='ocr_line' id='line_1_11' title="bbox 327 1387 997 1457; baseline 0.006 -19"><span class='ocrx_word' id='word_1_72' title='bbox 327 1389 454 1457; x_wconf 74' lang='lat' dir='ltr'><strong>Quosque</strong></span> <span class='ocrx_word' id='word_1_73' title='bbox 467 1387 535 1457; x_wconf 78' lang='lat' dir='ltr'><strong>legat</strong></span> <span class='ocrx_word' id='word_1_74' title='bbox 545 1407 635 1440; x_wconf 79' lang='lat' dir='ltr'><strong>versus</strong></span> <span class='ocrx_word' id='word_1_75' title='bbox 645 1388 720 1441; x_wconf 85' lang='lat' dir='ltr'><strong>oculo</strong></span> <span class='ocrx_word' id='word_1_76' title='bbox 731 1399 888 1457; x_wconf 81' lang='lat' dir='ltr'><strong>properante</strong></span> <span class='ocrx_word' id='word_1_77' title='bbox 900 1388 997 1454; x_wconf 80' lang='lat' dir='ltr'><strong>viator,</strong></span> 
     </span>
     <span class='ocr_line' id='line_1_12' title="bbox 356 1475 967 1534; baseline 0.002 -4"><span class='ocrx_word' id='word_1_78' title='bbox 356 1475 508 1531; x_wconf 73' lang='lat' dir='ltr'><strong>Grandibus</strong></span> <span class='ocrx_word' id='word_1_79' title='bbox 518 1476 547 1529; x_wconf 88' lang='lat' dir='ltr'><strong>in</strong></span> <span class='ocrx_word' id='word_1_80' title='bbox 558 1475 653 1529; x_wconf 82' lang='lat' dir='ltr'><strong>tumuli</strong></span> <span class='ocrx_word' id='word_1_81' title='bbox 664 1495 796 1531; x_wconf 79' lang='lat' dir='ltr'><strong>marmore</strong></span> <span class='ocrx_word' id='word_1_82' title='bbox 807 1478 878 1532; x_wconf 73' lang='lat' dir='ltr'><strong>cede</strong></span> <span class='ocrx_word' id='word_1_83' title='bbox 890 1480 967 1534; x_wconf 80' lang='lat' dir='ltr'><strong>uotis.</strong></span> 
     </span>
    </p>

    <p class='ocr_par' dir='ltr' id='par_1_7' title="bbox 325 1569 1048 1714">
     <span class='ocr_line' id='line_1_13' title="bbox 325 1569 1048 1636; baseline 0 -13"><span class='ocrx_word' id='word_1_84' title='bbox 325 1569 383 1624; x_wconf 86' lang='lat' dir='ltr'><strong>Hrc</strong></span> <span class='ocrx_word' id='word_1_85' title='bbox 393 1583 447 1623; x_wconf 74' lang='lat' dir='ltr'><strong>nso</strong></span> <span class='ocrx_word' id='word_1_86' title='bbox 459 1581 508 1633; x_wconf 75' lang='lat' dir='ltr'><strong>qur</strong></span> <span class='ocrx_word' id='word_1_87' title='bbox 519 1580 605 1621; x_wconf 75' lang='lat' dir='ltr'><strong>saeuo</strong></span> <span class='ocrx_word' id='word_1_88' title='bbox 616 1582 793 1623; x_wconf 70' lang='lat' dir='ltr'><strong>urrunnun</strong></span> <span class='ocrx_word' id='word_1_89' title='bbox 807 1585 895 1623; x_wconf 77' lang='lat' dir='ltr'><strong>cusos</strong></span> <span class='ocrx_word' id='word_1_90' title='bbox 905 1584 1048 1636; x_wconf 74' lang='lat' dir='ltr'><strong>snonuu,</strong></span> 
     </span>
     <span class='ocr_line' id='line_1_14' title="bbox 360 1660 834 1714; baseline 0 -1"><span class='ocrx_word' id='word_1_91' title='bbox 360 1660 482 1714; x_wconf 76' lang='lat' dir='ltr'><strong>Iussum</strong></span> <span class='ocrx_word' id='word_1_92' title='bbox 492 1672 569 1712; x_wconf 78' lang='lat' dir='ltr'><strong>mn</strong></span> <span class='ocrx_word' id='word_1_93' title='bbox 582 1660 657 1712; x_wconf 78' lang='lat' dir='ltr'><strong>Nsso</strong></span> <span class='ocrx_word' id='word_1_94' title='bbox 668 1672 757 1712; x_wconf 71' lang='lat' dir='ltr'><strong>roure</strong></span> <span class='ocrx_word' id='word_1_95' title='bbox 768 1675 834 1713; x_wconf 79' lang='lat' dir='ltr'><strong>uso.</strong></span> 
     </span>
    </p>

    <p class='ocr_par' dir='ltr' id='par_1_8' title="bbox 326 1749 1056 1898">
     <span class='ocr_line' id='line_1_15' title="bbox 326 1749 1056 1822; baseline 0 -18"><span class='ocrx_word' id='word_1_96' title='bbox 326 1752 363 1804; x_wconf 91' lang='lat' dir='ltr'><strong>At</strong></span> <span class='ocrx_word' id='word_1_97' title='bbox 375 1751 421 1805; x_wconf 84' lang='lat' dir='ltr'><strong>tibi</strong></span> <span class='ocrx_word' id='word_1_98' title='bbox 432 1752 477 1822; x_wconf 89' lang='lat' dir='ltr'><strong>qui</strong></span> <span class='ocrx_word' id='word_1_99' title='bbox 488 1751 596 1816; x_wconf 80' lang='lat' dir='ltr'><strong>transis,</strong></span> <span class='ocrx_word' id='word_1_100' title='bbox 607 1749 707 1803; x_wconf 76' lang='lat' dir='ltr'><strong>nonsit</strong></span> <span class='ocrx_word' id='word_1_101' title='bbox 718 1769 809 1820; x_wconf 78' lang='lat' dir='ltr'><strong>grate,</strong></span> <span class='ocrx_word' id='word_1_102' title='bbox 824 1751 938 1820; x_wconf 76' lang='lat' dir='ltr'><strong>quisquis</strong></span> <span class='ocrx_word' id='word_1_103' title='bbox 950 1750 1056 1816; x_wconf 78' lang='lat' dir='ltr'><strong>amasti,</strong></span> 
     </span>
     <span class='ocr_line' id='line_1_16' title="bbox 357 1841 898 1898; baseline -0.002 -2"><span class='ocrx_word' id='word_1_104' title='bbox 357 1843 454 1898; x_wconf 81' lang='lat' dir='ltr'><strong>Dicere</strong></span> <span class='ocrx_word' id='word_1_105' title='bbox 464 1863 471 1897; x_wconf 87' lang='lat'>:</span> <span class='ocrx_word' id='word_1_106' title='bbox 483 1841 594 1897; x_wconf 78' lang='lat' dir='ltr'><strong>Nasonis</strong></span> <span class='ocrx_word' id='word_1_107' title='bbox 604 1841 718 1896; x_wconf 84' lang='lat' dir='ltr'><strong>molliter</strong></span> <span class='ocrx_word' id='word_1_108' title='bbox 727 1860 783 1895; x_wconf 80' lang='lat' dir='ltr'><strong>ossa</strong></span> <span class='ocrx_word' id='word_1_109' title='bbox 793 1842 898 1896; x_wconf 84' lang='lat' dir='ltr'><strong>cubent.</strong></span> 
     </span>
    </p>
   </div>
   <div class='ocr_carea' id='block_1_4' title="bbox 159 1983 1222 2316">
    <p class='ocr_par' dir='ltr' id='par_1_9' title="bbox 159 1983 1222 2316">
     <span class='ocr_line' id='line_1_17' title="bbox 160 1983 1221 2084; baseline -0.004 -23"><span class='ocrx_word' id='word_1_110' title='bbox 160 1989 285 2062; x_wconf 85' lang='lat' dir='ltr'><strong>Missus</strong></span> <span class='ocrx_word' id='word_1_111' title='bbox 309 2004 418 2059; x_wconf 88' lang='lat' dir='ltr'><strong>autem</strong></span> <span class='ocrx_word' id='word_1_112' title='bbox 436 1984 500 2057; x_wconf 85' lang='lat' dir='ltr'><strong>luit</strong></span> <span class='ocrx_word' id='word_1_113' title='bbox 518 1984 553 2055; x_wconf 90' lang='lat' dir='ltr'><strong>in</strong></span> <span class='ocrx_word' id='word_1_114' title='bbox 571 1984 720 2058; x_wconf 84' lang='lat' dir='ltr'><strong>exsilium</strong></span> <span class='ocrx_word' id='word_1_115' title='bbox 738 2013 825 2058; x_wconf 91' lang='lat' dir='ltr'><strong>anno</strong></span> <span class='ocrx_word' id='word_1_116' title='bbox 848 1983 977 2084; x_wconf 88' lang='lat' dir='ltr'><strong>imperii</strong></span> <span class='ocrx_word' id='word_1_117' title='bbox 1002 1983 1147 2078; x_wconf 80' lang='lat' dir='ltr'><strong>Augusti</strong></span> <span class='ocrx_word' id='word_1_118' title='bbox 1169 2012 1221 2058; x_wconf 87' lang='lat' dir='ltr'><strong>sc-</strong></span> 
     </span>
     <span class='ocr_line' id='line_1_18' title="bbox 160 2100 1219 2203; baseline -0.003 -27"><span class='ocrx_word' id='word_1_119' title='bbox 160 2102 308 2176; x_wconf 89' lang='lat' dir='ltr'><strong>cundoet</strong></span> <span class='ocrx_word' id='word_1_120' title='bbox 318 2100 607 2203; x_wconf 82' lang='lat' dir='ltr'><strong>quinquagesimo,</strong></span> <span class='ocrx_word' id='word_1_121' title='bbox 620 2100 671 2174; x_wconf 87' lang='lat' dir='ltr'><strong>vel</strong></span> <span class='ocrx_word' id='word_1_122' title='bbox 681 2102 828 2173; x_wconf 85' lang='lat' dir='ltr'><strong>circiter:</strong></span> <span class='ocrx_word' id='word_1_123' title='bbox 842 2100 958 2203; x_wconf 88' lang='lat' dir='ltr'><strong>quinto</strong></span> <span class='ocrx_word' id='word_1_124' title='bbox 971 2120 1081 2175; x_wconf 86' lang='lat' dir='ltr'><strong>autem</strong></span> <span class='ocrx_word' id='word_1_125' title='bbox 1093 2101 1219 2177; x_wconf 89' lang='lat' dir='ltr'><strong>Tiberii</strong></span> 
     </span>
     <span class='ocr_line' id='line_1_19' title="bbox 159 2213 1222 2316; baseline 0 -28"><span class='ocrx_word' id='word_1_126' title='bbox 159 2217 274 2288; x_wconf 89' lang='lat' dir='ltr'><strong>Tomis</strong></span> <span class='ocrx_word' id='word_1_127' title='bbox 288 2214 377 2316; x_wconf 89' lang='lat' dir='ltr'><strong>apud</strong></span> <span class='ocrx_word' id='word_1_128' title='bbox 395 2216 494 2288; x_wconf 88' lang='lat' dir='ltr'><strong>Getas</strong></span> <span class='ocrx_word' id='word_1_129' title='bbox 511 2213 595 2287; x_wconf 86' lang='lat' dir='ltr'><strong>diem</strong></span> <span class='ocrx_word' id='word_1_130' title='bbox 613 2213 717 2300; x_wconf 88' lang='lat' dir='ltr'><strong>obiit;</strong></span> <span class='ocrx_word' id='word_1_131' title='bbox 739 2242 777 2287; x_wconf 85' lang='lat' dir='ltr'><strong>ex</strong></span> <span class='ocrx_word' id='word_1_132' title='bbox 793 2243 860 2316; x_wconf 91' lang='lat' dir='ltr'><strong>quo</strong></span> <span class='ocrx_word' id='word_1_133' title='bbox 876 2213 1043 2310; x_wconf 86' lang='lat' dir='ltr'><strong>colligitur</strong></span> <span class='ocrx_word' id='word_1_134' title='bbox 1060 2215 1222 2289; x_wconf 83' lang='lat' dir='ltr'><strong>exsulasse</strong></span> 
     </span>
    </p>
   </div>
   <div class='ocr_carea' id='block_1_5' title="bbox 158 2330 1221 2435">
    <p class='ocr_par' dir='ltr' id='par_1_10' title="bbox 158 2330 1221 2435">
     <span class='ocr_line' id='line_1_20' title="bbox 158 2330 1221 2435; baseline 0 -27"><span class='ocrx_word' id='word_1_135' title='bbox 158 2362 262 2408; x_wconf 88' lang='lat' dir='ltr'><strong>annos</strong></span> <span class='ocrx_word' id='word_1_136' title='bbox 280 2350 371 2418; x_wconf 87' lang='lat' dir='ltr'><strong>octo,</strong></span> <span class='ocrx_word' id='word_1_137' title='bbox 390 2351 422 2406; x_wconf 91' lang='lat' dir='ltr'><strong>et</strong></span> <span class='ocrx_word' id='word_1_138' title='bbox 444 2361 569 2406; x_wconf 86' lang='lat' dir='ltr'><strong>menses</strong></span> <span class='ocrx_word' id='word_1_139' title='bbox 588 2330 724 2431; x_wconf 85' lang='lat' dir='ltr'><strong>aliquot.</strong></span> <span class='ocrx_word' id='word_1_140' title='bbox 742 2331 915 2434; x_wconf 86' lang='lat' dir='ltr'><strong>Sepultum</strong></span> <span class='ocrx_word' id='word_1_141' title='bbox 932 2335 1030 2410; x_wconf 90' lang='lat' dir='ltr'><strong>etiam</strong></span> <span class='ocrx_word' id='word_1_142' title='bbox 1052 2335 1144 2433; x_wconf 85' lang='lat' dir='ltr'><strong>juxta</strong></span> <span class='ocrx_word' id='word_1_143' title='bbox 1164 2363 1221 2435; x_wconf 85' lang='lat' dir='ltr'><strong>op</strong></span> 
     </span>
    </p>
   </div>
   <div class='ocr_carea' id='block_1_6' title="bbox 156 2448 718 2550">
    <p class='ocr_par' dir='ltr' id='par_1_11' title="bbox 156 2448 718 2550">
     <span class='ocr_line' id='line_1_21' title="bbox 156 2448 718 2550; baseline -0.005 -26"><span class='ocrx_word' id='word_1_144' title='bbox 156 2451 270 2550; x_wconf 90' lang='lat' dir='ltr'><strong>pidum</strong></span> <span class='ocrx_word' id='word_1_145' title='bbox 287 2451 412 2525; x_wconf 83' lang='lat' dir='ltr'><strong>Tomos</strong></span> <span class='ocrx_word' id='word_1_146' title='bbox 429 2450 529 2525; x_wconf 90' lang='lat' dir='ltr'><strong>tradit</strong></span> <span class='ocrx_word' id='word_1_147' title='bbox 543 2448 718 2525; x_wconf 86' lang='lat' dir='ltr'><strong>Eusebius.</strong></span> 
     </span>
    </p>
   </div>
   <div class='ocr_carea' id='block_1_7' title="bbox 0 0 1388 4694">
    <p class='ocr_par' dir='ltr' id='par_1_12' title="bbox 0 0 1388 4694">
     <span class='ocr_line' id='line_1_22' title="bbox 0 0 1388 4694; baseline 0 6"><span class='ocrx_word' id='word_1_148' title='bbox 0 0 1388 4694; x_wconf 95' lang='lat' dir='ltr'><strong> </strong></span> 
     </span>
    </p>
   </div>
  </div>
 </body>
</html>
