2768 4694
162 387 225 478 ιφ
501 386 539 450 r.
566 384 748 452 ovmn
772 386 901 455 v1nu

156 559 177 594 n
197 543 338 601 constat.
362 557 379 590 υ
399 525 455 599 stc
474 525 592 600 doctus
614 525 665 599 vir
686 525 754 600 bne
779 524 926 600 illustrat
941 525 1050 601 Taciti
1066 525 1168 600 verba
1189 527 1228 602 de

154 645 310 734 Tiberio,
328 643 387 745 qui
404 642 553 719 Silanum
566 644 603 718 in
619 645 761 744 putrium
778 637 934 719 revocans
952 645 1231 749 dicebat,.r'djure

155 763 285 852 nuum,
300 763 373 864 quio
386 791 446 837 non
459 763 736 850 unutusconsulto,
759 792 820 837 non
837 764 901 864 lege
909 764 1023 863 pulsus
1022 763 1120 864 firm.
1146 768 1231 864 Quo

155 875 253 951 illum
270 876 418 950 Nasonis
443 897 578 978 quoque
594 874 704 951 locum
721 877 857 952 mirifice
873 875 1072 965 dilucidant,
1088 878 1177 954 sicut
1198 895 1231 954 et

155 991 239 1081 alia,
255 991 315 1066 ubi
329 991 449 1067 similia
465 993 570 1081 cauit3
590 1021 629 1067 ex
643 995 767 1095 quibus
780 994 849 1068 baee
861 993 999 1095 insuper
1012 993 1228 1097 adposuisse,

155 1108 307 1183 nouerit
325 1137 585 1210 supervacuum:
605 1110 707 1185 Trist.
726 1110 785 1185 lib.
804 1113 845 1200 V,
861 1110 954 1208 Eleg.
974 1131 1020 1201 11,
1039 1113 1229 1211 Augustum

156 1223 365 1327 adloquens,
384 1253 466 1300 vers.
489 1224 623 1299 55-58:

328 1372 371 1425 lra
381 1371 490 1441 quidem
503 1371 640 1426 moderata
651 1381 696 1425 tua
708 1383 763 1435 est;
776 1373 909 1443 vitentque
920 1372 1030 1430 dedisti:

356 1458 414 1511 Nec
427 1455 493 1508 mihi
499 1457 549 1523 jus
559 1460 638 1519 ciris,
655 1474 705 1510 nec
715 1455 782 1509 mihi
795 1476 895 1511 nomen
907 1462 988 1513 abest.

322 1542 379 1596 Nec
389 1559 446 1593 mea
458 1558 580 1594 concessa
591 1549 631 1593 eet
641 1539 696 1615 uliis
702 1540 810 1609 fhrtuna
822 1561 830 1594 .·
844 1561 894 1597 nec
906 1558 994 1599 usur.

357 1627 451 1679 Edicts'
458 1624 544 1679 verbis
554 1624 682 1678 nominor
695 1625 749 1694 ipse
760 1629 814 1690 tui,
826 1635 876 1680 etc.

160 1755 215 1831 Sic
231 1772 265 1830 et
279 1753 332 1828 El.
353 1773 410 1842 xt,
428 1781 448 1827 u
464 1781 547 1827 vers.
567 1779 590 1853 9
606 1779 614 1821 :

325 1902 436 1957 Fallitur
450 1902 498 1956 iste
511 1912 615 1965 nmen,
629 1920 682 1972 quo
696 1901 784 1974 judice
795 1901 921 1955 nominor
932 1916 1029 1957 usus.

361 1988 470 2041 Mollior
481 1997 520 2040 est
532 1986 637 2056 culpam
651 2006 728 2057 piena
738 1996 827 2041 secuta
840 2005 927 2041 meam
939 2027 947 2054 ,
958 1997 1008 2042 etc.

322 2071 379 2124 Nec
391 2075 485 2130 mian,
499 2087 549 2121 nee
559 2087 634 2136 opes,
646 2069 749 2138 necjss
763 2067 828 2121 mibi
839 2074 902 2122 con
915 2066 1032 2134 ademite

361 2154 431 2223 Qun
442 2151 528 2207 merui
540 2153 604 2206 vitio
616 2151 727 2222 perdere
739 2162 833 2204 cuncta
845 2170 914 2206 meo.

325 2238 380 2295 Sed
393 2237 454 2308 quia
465 2247 572 2307 peccato
586 2235 687 2290 lacinus
699 2254 755 2287 nou
766 2235 848 2289 adsuit
861 2236 913 2302 illi,

356 2322 402 2376 Nil
408 2321 464 2376 'nisi
476 2341 519 2376 me
532 2322 621 2392 patriis
631 2321 707 2391 jussit
716 2321 803 2374 abesse
817 2320 887 2374 locis.

325 2407 418 2476 thue
429 2403 501 2474 aliis,
512 2425 656 2460 numerum
668 2424 781 2475 quorum
793 2405 984 2476 comprendere
994 2423 1049 2459 non
1063 2416 1103 2459 est
1115 2446 1122 2473 ,

361 2490 515 2546 Ctesereum
528 2509 646 2557 numen,
659 2488 696 2543 sio
706 2489 790 2557 mibi,
803 2491 867 2544 mite
879 2490 938 2545 luit.

331 2576 389 2646 lpse
400 2588 556 2641 nussum,
567 2591 623 2627 uou
635 2589 748 2629 ursonis
760 2576 844 2628 utitur
857 2576 884 2629 in
896 2592 937 2628 me

360 2659 476 2715 Nomine
489 2677 496 2712 ι
510 2667 567 2712 tuta
577 2674 626 2712 suo
638 2656 726 2726 judice
737 2677 815 2713 causa
826 2677 886 2712 mea
896 2667 948 2725 est,
960 2667 1009 2712 ete.

212 2787 305 2860 vul.
323 2786 362 2857 ln
370 2807 563 2883 poenoerero
573 2797 700 2881 partem
710 2781 856 2856 Nasonis
868 2780 948 2855 libri
961 2807 1095 2868 renere;
1110 2781 1234 2885 quippe

165 2898 263 3000 quia
284 2892 596 2971 tribusbtblnrtects
623 2895 740 2968 Romae
764 2893 910 2996 publicis
934 2894 1052 2968 remoti
1081 2895 1171 2984 siut,
1195 2911 1234 2968 ut

164 3015 304 3116 ipsemet
321 3011 488 3113 queritur,
505 3009 606 3085 Trist.
626 3009 685 3084 lib.
705 3015 775 3099 lll,
793 3010 885 3106 Eleg.
905 3031 936 3097 1,
955 3011 1015 3085 ubi
1034 3010 1119 3086 liber
1133 3008 1233 3084 iudu-

64 3118 66 3121 ’
167 3126 269 3214 citur,
290 3124 384 3226 quasi
399 3123 544 3227 primum
559 3123 720 3223 Apollinis
731 3124 872 3198 Palatini
885 3123 1123 3201 bibliothecam
1137 3123 1237 3197 adiis-

168 3259 234 3330 set,
251 3268 334 3315 vers.
350 3238 485 3340 60-69:

365 3388 458 3441 Ducor
468 3386 501 3441 ad
512 3391 610 3441 intonsi
617 3384 729 3441 candidu
741 3386 838 3456 templa
850 3387 908 3439 Ber'.

335 3470 417 3542 Signa
428 3469 572 3542 peregrinis
583 3469 626 3522 ubi
637 3477 700 3523 sunt
712 3468 812 3522 alterna
824 3469 953 3523 columnis

368 3553 490 3620 Belides,
502 3563 529 3606 et
539 3552 630 3606 stricto
640 3553 764 3607 barbarus
775 3555 836 3607 ens'e
850 3566 923 3624 poter
933 3559 942 3588 ¹
954 3575 961 3610 :

336 3639 457 3710 Quosque
469 3636 518 3689 riri
530 3636 607 3692 docto
619 3648 721 3692 veteres
733 3657 825 3707 cepere
837 3640 951 3710 novique

370 3722 497 3785 Pectore,
510 3719 614 3773 lecturis
625 3718 785 3789 inspicienda
798 3731 897 3788 patent.

332 3802 494 3875 Querebam
505 3801 600 3857 iratres
612 3802 739 3871 (libros),
755 3807 867 3873 exceptis
877 3804 973 3860 scilicet
981 3806 1030 3862 illis
1039 3811 1068 3872 ²,

368 3886 444 3955 Quos
455 3904 517 3939 snus
529 3897 632 3957 optaret
641 3905 697 3941 non
708 3889 826 3959 genuisse
838 3909 940 3959 parens.

200 4062 209 4090 ¹
229 4055 298 4110 Vide
309 4072 368 4122 que
379 4052 528 4107 notavimus
541 4053 568 4106 in
582 4053 677 4108 Horat.
690 4052 770 4124 Vita,
781 4074 839 4127 pag.
851 4057 899 4111 288
911 4075 968 4127 sqq.

198 4149 210 4178 ²
228 4145 284 4201 Lib.
296 4163 392 4216 nempe
404 4143 437 4200 de
453 4146 518 4201 Arte
531 4144 676 4202 Amatoria.
