2768 4694
183 378 224 445 52
558 369 854 439 ·EXCURSUS

183 513 369 616 splendoris
385 530 548 596 assertor,
566 539 603 584 ac
620 509 727 583 omnis
744 508 957 584 obscuritatis
975 506 1177 595 illustrator,
1194 537 1248 583 ac-

184 633 342 707 clamatus
359 647 426 717 est,
444 629 494 701 uti
518 627 641 701 Paulus
658 627 776 700 Jovius
794 627 829 699 in
848 627 919 726 ejus
935 624 1057 721 Elogio
1073 625 1246 726 prodidit:

181 775 243 822 nec
260 747 370 820 minus
386 771 460 818 vere
475 744 637 817 Henricus
657 743 848 843 Stephanus
864 740 1014 842 Epistola
1033 741 1076 814 ad
1098 739 1247 814 Ludori-

182 893 256 940 cum
276 860 534 950 Castelvetrnrn,
550 889 622 962 qua
636 859 766 961 prefixa
781 877 830 934 est
844 859 980 933 editioni
997 887 1064 933 suae
1081 858 1158 933 libri
1169 859 1246 932 Jani

182 977 349 1052 Parrhasii
367 974 408 1049 de
418 976 518 1049 rebus
532 1004 591 1078 per
601 973 774 1075 epistolam
786 973 952 1075 quaesitis,
981 975 1102 1070 «Age,
1119 973 1246 1074 inquit,

184 1130 203 1160 »
224 1113 260 1168 tu
277 1093 475 1194 quicumque
493 1089 668 1180 beroaldi,
692 1108 751 1163 aut
768 1090 908 1165 Domitii
927 1090 1048 1191 scripta
1063 1118 1131 1163 non
1147 1090 1249 1163 unius

186 1244 204 1275 »
225 1211 330 1295 assis,
356 1236 421 1308 prae
448 1207 488 1279 iis
515 1235 587 1307 quae
610 1205 709 1278 bodie
725 1206 890 1293 eduntur,
913 1204 1101 1280 aestimanda
1127 1223 1246 1306 putas,

185 1361 204 1393 »
224 1326 302 1428 quid
314 1325 383 1397 sine
396 1320 579 1405 beroaldo,
595 1349 632 1392 ac
647 1322 816 1407 Domitio,
828 1322 968 1423 aliisque
979 1321 1171 1423 hujusmodi
1180 1349 1248 1396 ma-

186 1476 204 1508 »
226 1439 337 1536 gistris
361 1434 461 1509 scribi
488 1435 529 1507 ab
554 1462 668 1507 eorum
688 1437 831 1535 posteris
848 1439 994 1538 potuisse
1015 1438 1212 1513 arbitraris?
1229 1474 1245 1505 »

181 1560 298 1655 Neque
325 1551 410 1624 enirn
438 1549 545 1624 solum
567 1549 737 1624 Domitios
755 1549 844 1624 bunc
861 1552 974 1628 Ovidii
990 1550 1161 1640 libellum,
1190 1555 1249 1627 sed

185 1669 283 1745 etiarn
299 1665 470 1740 Ciceronis
478 1662 648 1765 Epistolas
660 1721 669 1752 ,
681 1666 868 1743 Martialem
877 1724 886 1756 ,
896 1664 1084 1740 Juvenalem
1095 1722 1105 1753 ,
1118 1667 1251 1767 Papinii

182 1784 306 1869 Silvas,
324 1781 538 1867 Suetonium,
557 1797 590 1852 et
608 1782 768 1881 quosdam
785 1783 869 1857 alios
883 1781 1062 1880 scriptores
1074 1784 1244 1857 enarravit.

182 1900 337 1999 Denique
356 1915 405 1970 tot
420 1915 575 1995 tantaque
586 1896 708 1983 edidit,
726 1898 831 1972 aiebat
848 1897 1025 1991 Egnatius,
1046 1915 1129 1998 qnot
1143 1927 1247 1998 quan·

183 2035 281 2117 taque
299 2017 334 2088 in
351 2015 414 2088 hoe
432 2042 550 2108 genere
568 2014 607 2086 ad
627 2015 711 2087 banc
730 2016 816 2088 diem
831 2039 940 2085 nemo.
970 2014 1021 2085 Eo
1035 2013 1157 2088 facturn
1174 2033 1243 2102 est,

181 2149 221 2206 ut
236 2130 368 2204 acerbas
385 2157 460 2202 cum
474 2127 596 2202 aemulis
614 2127 796 2201 simultates
810 2128 1009 2216 exercuerit,
1027 2131 1180 2231 aquibus
1192 2130 1245 2232 pi-

183 2246 306 2348 peratis
328 2242 470 2318 literulis
495 2246 686 2343 perstrictus
710 2243 799 2326 fnit,
829 2244 919 2342 quod
937 2244 1000 2317 sibi
1027 2263 1245 2345 comparatam

182 2359 410 2437 auctoritatem
434 2359 572 2435 retinere
594 2359 707 2460 quavis
732 2359 857 2432 ratione
878 2379 908 2432 et
931 2378 1000 2434 arte
1017 2362 1245 2449 contenderet;

183 2492 284 2575 atque
309 2475 354 2547 ita
379 2473 500 2547 crudos
526 2473 648 2568 ingenii
672 2473 723 2546 sui
750 2472 850 2546 soetus
868 2476 1015 2548 emittere
1032 2492 1165 2548 coactus
1184 2477 1248 2565 sit,

186 2589 308 2691 quibos
324 2588 513 2689 provectior
530 2606 607 2662 aetas
621 2586 739 2686 procul
757 2587 860 2660 dubio
882 2589 1100 2664 maturitatem
1120 2589 1247 2665 attulis·
1277 2568 1280 2576 ¹

184 2720 244 2777 set
259 2703 395 2802 Quippe
408 2736 425 2766 α
436 2700 639 2774 auctoritatis
648 2718 712 2773 tam
723 2729 847 2798 magnus
856 2703 938 2790 suit,
953 2736 969 2767 »
982 2702 1246 2804 inquitAngelus

183 2814 368 2887 Politianus
382 2811 565 2887 Miscellan.
583 2839 653 2912 cap.
669 2839 710 2911 9,
730 2846 747 2878 «
764 2832 802 2887 ut
816 2818 931 2888 Roma
947 2816 1032 2891 inter
1044 2817 1246 2916 professores

188 2963 204 2993 »
222 2929 351 3028 juvenis
364 2929 470 3000 adbuc
486 2929 626 3028 primam
640 2927 859 3004 celebritatem
872 2931 937 3004 sibi
952 2931 1177 3019 vindicaverit,
1189 2962 1246 3006 cn-

153 3070 164 3101 ·
187 3077 204 3108 »
223 3044 279 3140 jus
296 3040 422 3115 tuendae
437 3070 475 3114 ac
488 3042 665 3116 retinendae
679 3047 782 3138 gratia
796 3045 918 3118 sactum
935 3044 1133 3144 compluries
1149 3066 1245 3149 puta-

151 3154 157 3165 ’
184 3193 204 3225 »
226 3187 320 3246 mus,
336 3176 373 3230 ut
396 3158 431 3229 in
452 3159 521 3232 suis
541 3160 699 3258 operibus
723 3161 866 3235 frontem
886 3160 1105 3258 persrieuerit,
1130 3182 1162 3237 et
1187 3194 1245 3265 per

185 3309 203 3339 u
224 3301 336 3373 aequa,
355 3273 546 3374 periniqua
563 3276 681 3349 samam
700 3295 852 3376 captans,
870 3304 984 3377 parurn
1006 3305 1043 3350 ex
1066 3276 1129 3352 fide
1155 3308 1246 3379 qnae-

187 3385 316 3486 »piam
338 3384 506 3474 retulerit,
529 3389 688 3462 nonnulla
713 3389 811 3463 etiam
838 3387 922 3461 male
941 3388 1044 3463 solers
1067 3409 1100 3464 et
1118 3395 1246 3491 praesti-

186 3536 204 3568 »
226 3503 339 3598 giosus
357 3502 497 3600 speciem
514 3507 647 3605 quidem
664 3505 841 3605 primorem
855 3505 921 3577 veri
937 3504 1108 3593 babentia,
1126 3537 1246 3604 magno

189 3651 207 3680 >r
227 3618 427 3692 credentium
443 3619 617 3720 dispendio
632 3619 803 3693 sententiis
818 3620 1060 3715 ignorabilibus
1078 3623 1248 3723 implicue-

187 3764 205 3797 »
227 3734 289 3821 rit,
303 3751 337 3807 et
347 3735 634 3834 pulrerem,quod
644 3737 752 3822 aiunt,
763 3737 870 3810 oculis
880 3738 1131 3829 olluderit3aut,
1141 3745 1248 3817 sicubi

186 3877 204 3910 »
226 3849 329 3945 major
345 3848 522 3921 difficultas
538 3904 547 3935 ,
566 3877 625 3921 nec
650 3849 833 3939 absistens,
850 3879 909 3922 nee
925 3856 1140 3947 congrediens
1156 3885 1248 3958 spem

184 3993 202 4026 »
223 3960 354 4038 lectoris
372 3964 514 4038 eluserit.
537 3965 603 4052 lta,
623 3966 700 4038 dum
717 3968 842 4039 nescire
860 3997 894 4041 se
910 3970 992 4043 nihil
1009 3975 1148 4072 probare
1163 4000 1247 4044 con-

184 4108 203 4140 »
223 4078 346 4164 tendit,
369 4080 466 4155 etiam
484 4078 616 4153 Parthis
629 4079 805 4179 aliquoties
820 4100 854 4158 et
877 4086 1091 4163 Cretensibus
1110 4087 1245 4162 menda-
