2768 4694
164 376 229 442 322
465 418 469 429 .
495 368 894 438 DEDICATIONES

165 514 339 619 patribus,
368 529 408 608 ut
433 512 629 587 Macrobius
656 511 779 600 refert,
805 528 928 587 tantam
955 511 1070 614 plebis
1097 518 1231 611 gratiam

161 640 321 742 adeptus,
348 665 420 739 quas
435 635 728 732 autea'cogebatur
749 636 913 711 rationem
933 636 1063 713 dierum
1086 658 1230 742 peteres

160 762 373 867 principibus
391 760 552 849 civitatis,
574 776 613 834 ut
627 775 726 833 uatus
745 758 817 860 ipse
830 756 991 835 libertino
1015 779 1130 863 patre,
1150 765 1231 853 sicot

160 887 291 963 Plinius
303 885 438 961 scribit.
454 901 583 960 creatus
595 884 640 958 sit
651 882 754 958 aedilis
768 882 911 973 curulis,
924 886 1103 986 praemritis
1117 888 1156 963 C.
1170 888 1229 964 Pe·

160 1011 231 1087 tilio
258 1029 291 1085 et
313 1008 486 1096 Domitio,
512 1036 667 1109 quorum.
674 1025 786 1108 patres
813 1005 967 1082 consules
985 1006 1140 1099 fuerant;
1164 1042 1228 1114 quo

161 1155 310 1236 tempore
324 1132 368 1206 ob
386 1129 535 1205 dolorem
553 1130 661 1205 omnis
675 1129 834 1205 nobilitas
847 1131 971 1206 dicitur
982 1131 1130 1208 emulos
1144 1136 1228 1236 abje-

161 1259 253 1333 cisse.
272 1257 341 1330 Nec
356 1282 419 1328 nos
432 1252 549 1340 lateat,
566 1253 706 1342 fastum,
726 1283 829 1354 quum
843 1283 906 1355 pro
920 1252 1032 1327 anuali
1045 1253 1139 1332 libro
1152 1261 1228 1332 acci-

159 1381 271 1483 pitur,
289 1376 496 1478 frequentius
513 1376 666 1451 secunda
685 1375 914 1452 declinationis
932 1405 1001 1454 esse
1014 1409 1023 1468 ;
1036 1398 1095 1468 ut,
1122 1382 1227 1457 Iusto

159 1503 268 1603 batque
284 1500 363 1586 da'es,
382 1500 436 1599 qui
451 1497 507 1572 dut
520 1498 766 1597 nonriuasnstis;
787 1519 838 1588 et,
858 1500 1015 1602 Tempora
1033 1502 1229 1607 sisostosque

157 1627 237 1700 velc's
259 1623 392 1699 evolvere
411 1622 525 1696 rnuudi.
548 1622 720 1698 Invenitur
737 1640 845 1699 tamen
863 1642 896 1698 et
915 1643 1040 1726 quarta
1055 1629 1145 1731 apud
1158 1631 1228 1705 Im·

158 1776 296 1837 canum3
314 1765 373 1839 ut,
392 1747 529 1822 Eudoxi
539 1747 818 1841 vincetursostibus
832 1776 941 1822 ouras.
969 1749 1076 1847 Quod
1090 1753 1159 1852 ejus
1175 1781 1226 1828 er·

157 1902 230 1949 rore
247 1872 416 1976 prolatum
433 1871 566 1947 Servius
582 1890 700 1973 putat,
727 1872 784 1974 qui
806 1900 830 1945 a·
842 1872 1014 1967 Prisciano
1032 1876 1149 1950 merito
1171 1876 1226 1952 de·

116 2002 118 2005 ’
156 1995 393 2099 prehenditur,
414 1982 519 2107 quum
541 1995 746 2097 antiquiores
763 2023 896 2097 quoquc
914 1996 1128 2074 inveniantur
1143 1997 1228 2091 idem

159 2117 313 2195 similiter
321 2116 520 2220 protulisse;
534 2119 661 2192 Varro:
675 2151 693 2184 «ι
703 2118 874 2194 Virtutum
883 2118 1071 2196 causaJulii
1080 2123 1227 2216 Casaris,

149 2275 178 2309 o
197 2246 257 2346 qui
272 2241 378 2318 fastus
393 2224 555 2330 correxit,
574 2240 697 2317 mensis
711 2239 823 2317 Julius
841 2242 1028 2347 appellatus
1045 2265 1105 2323 est.
1122 2283 1140 2315 a
1163 2251 1226 2324 Co·

158 2347 290 2443 lumella
304 2398 312 2440 :
329 2367 482 2439 «Verum
494 2364 532 2462 in
550 2365 613 2438 hac
624 2365 713 2438 ruris
724 2365 906 2468 disciplina,
919 2397 1044 2471 sequor
1055 2400 1142 2447 nunc
1155 2375 1226 2447 Eu-

159 2490 238 2565 doxi
253 2507 287 2564 et
302 2485 469 2574 Metonis,
495 2487 779 2589 antiquorumque
804 2489 908 2564 fastus
931 2491 1187 2590 astrologorum.
1207 2530 1223 2562 s

158 2615 336 2691 Sciendum
365 2640 465 2700 saue,
484 2609 643 2684 Ovidium
665 2612 833 2712 scripsisse
857 2615 1029 2693 duodecim
1053 2623 1224 2697 Fastorum

159 2738 277 2827 libros,
289 2763 432 2837 quorum
444 2731 544 2807 hodie
556 2761 611 2806 sex
626 2749 755 2808 tantum
767 2755 895 2812 exstant
907 2769 915 2810 :
929 2767 997 2812 nou
1008 2761 1224 2845 posteaquam

159 2876 210 2931 est
225 2857 388 2954 relegatus
405 2856 441 2928 iu
458 2857 626 2944 Pontum,
642 2873 679 2931 ut
696 2857 829 2957 quidam
846 2859 1024 2950 adserunt,
1043 2864 1176 2941 adducti
1192 2868 1223 2940 in

160 3005 230 3051 eam
248 2979 437 3081 opinionem
453 2978 506 3052 his
519 2977 692 3069 versibus,
710 2979 768 3080 qui
781 2979 983 3078 legunturiu
1002 3007 1121 3087 quarto
1138 2990 1224 3066 illius

160 3104 270 3202 operis
288 3102 399 3193 libro,
418 3131 502 3178 vers.
516 3101 559 3175 81
578 3133 587 3177 :

321 3266 457 3321 Sulmonis
469 3267 560 3338 gelidi,
571 3269 676 3336 patris,
689 3268 863 3340 Germanice,
877 3286 973 3330 nostre
983 3297 989 3330 :
1001 3279 1124 3345 (moeuia)

354 3358 401 3412 Me
411 3356 550 3412 miserum!
564 3359 687 3434 Scythico
699 3380 779 3431 quam
790 3364 880 3432 procul
889 3366 932 3420 ille
942 3368 999 3421 solo
1008 3369 1057 3422 est!

158 3498 309 3575 sedante
330 3500 577 3597 relegationem.
599 3505 817 3607 inscripserat
840 3508 926 3584 enim
952 3512 1017 3587 hoc
1041 3541 1128 3616 opus
1154 3519 1220 3590 Au-

45 3678 50 3686 .
157 3641 278 3719 gusto,
296 3625 391 3724 cujus
407 3625 584 3698 editionem
605 3624 662 3701 illa
684 3629 912 3725 indignissima
938 3634 1152 3732 relegationis
1171 3668 1220 3713 ca-

157 3747 285 3822 lamitas
301 3747 494 3849 impedivit3
514 3749 606 3849 quod
619 3749 755 3852 planum
768 3770 817 3827 est
835 3755 955 3832 horum
974 3763 1157 3839 carminum
1172 3793 1221 3838 ar·

159 3889 338 3963 gumento,
359 3898 432 3971 quae
450 3870 589 3966 legimus
604 3875 640 3948 in
655 3875 755 3949 Trist.
774 3878 828 3968 ll,
844 3907 929 3958 vers.
949 3883 1017 3985 547
1037 3917 1046 3961 :

315 4043 356 4099 Ne
368 4051 457 4098 tamen
470 4063 551 4098 omne
564 4066 656 4100 meum
667 4048 758 4104 credas
769 4070 834 4122 opus
845 4074 901 4112 esse
913 4057 1053 4112 remissurn
1068 4082 1074 4122 ;

350 4133 425 4205 διρο
437 4135 497 4190 dedi
511 4146 608 4192 nostrt
619 4138 727 4208 grandia
738 4141 795 4200 vela
807 4145 864 4199 rati.
