2768 4694
158 337 201 400 58
541 335 833 404 EXCURSUS

158 471 353 548 scholiastes
369 475 498 550 notavit
509 474 551 548 ad
567 484 665 575 llpop.
683 481 766 572 δεσμ.
781 477 835 550 his
850 476 959 550 verbis
976 480 1043 548 :ot
1057 480 1174 550 παλαιοὶ
1187 484 1226 549 τὰ

157 603 301 686 ποιήματα
325 596 421 666 αὐτῶν
439 606 554 689 πρῶτον
574 598 626 688 μὲν
650 600 795 690 αἰνίγμασι
822 604 1020 694 γεγράφασιν,
1047 602 1167 692 ὕστερον
1190 597 1224 666 di

156 714 277 807 καθόλου
297 725 424 808 φανερῶς
440 715 564 808 ἐχρῶντο
574 725 616 807 τῷ
628 717 711 806 λόγῳ.

160 896 1215 937 w

449 1000 452 1005 ’
530 996 734 1135 carun
773 1049 839 1132 11.

335 1256 491 1298 (alamanus
509 1257 579 1296 autc
596 1259 738 1298 ornacum
756 1259 878 1298 strutus
894 1259 1041 1299 assumm-

158 1416 396 1522 ANTVERPI
405 1467 523 1524 ENsls
539 1450 642 1525 editio
652 1450 758 1540 arida,
771 1454 873 1528 modo
886 1452 1016 1552 pumice
1032 1444 1155 1524 Valerii
1168 1480 1223 1527 ex-

156 1560 279 1662 polita,
296 1562 361 1636 hoc
380 1563 478 1637 titulo
495 1565 742 1654 circumfertur,
770 1567 811 1640 P.
842 1563 950 1640 Ovidii
965 1563 1104 1637 Nasonis
1127 1564 1223 1638 Dr'roe

156 1676 187 1746 in
208 1675 305 1761 Ibin,
326 1677 602 1777 quemadmodum
619 1680 787 1776 egregium
801 1677 884 1752 illud
901 1673 1111 1778 poemation,
1129 1676 1221 1775 cujus

158 1808 307 1865 autorem
330 1819 400 1865 esse
418 1792 585 1868 Valerium
611 1797 772 1869 Catonem
795 1792 1041 1890 grammaticum
1053 1791 1222 1892 perspicass

158 1905 263 1980 ciores
280 1906 476 1982 existimant.
495 1911 619 1984 Verum
637 1939 678 1984 ne
693 1910 752 1983 Dii
769 1910 898 1996 sinant,
919 1925 960 1982 ut
980 1908 1023 1980 ab
1042 1907 1220 2007 epigraphe

157 2042 288 2124 recepta
305 2027 533 2112 dellectamus,
551 2028 615 2101 nisi
632 2025 738 2101 libros
755 2052 869 2099 omncs
886 2042 957 2099 tum
974 2052 1129 2111 excusos,
1150 2042 1220 2098 tum

158 2160 307 2217 exaratos
323 2143 427 2218 valere
450 2145 644 2242 jubeamus3
659 2145 723 2218 nisi
740 2143 881 2243 denique
898 2145 1023 2219 Nasoni
1039 2144 1104 2244 ipsi
1123 2142 1220 2216 allin-

159 2288 284 2356 gamus,
296 2262 353 2362 qui
364 2262 473 2335 schor
486 2261 696 2363 opusculum,
710 2259 876 2333 Libellum
887 2261 920 2334 in
929 2261 1006 2335 lbin
1017 2261 1220 2362 inscripsisse

158 2377 287 2479 liquido
304 2396 443 2453 testatur
459 2409 540 2454 vers.
561 2379 621 2465 51,
640 2381 674 2451 in
690 2379 778 2451 huuc
796 2379 930 2453 modum
947 2410 955 2452 :

322 2553 357 2606 Et
369 2572 455 2622 neque
468 2572 566 2605 nomen
577 2552 603 2602 in
615 2551 679 2618 lior,
691 2570 740 2603 nec
753 2551 836 2604 dicam
848 2551 916 2605 [acta
926 2550 1027 2605 libello:

159 2697 277 2770 iterum
296 2726 390 2770 versu
408 2696 474 2788 [461
493 2726 501 2768 :

322 2871 389 2924 Hac
401 2870 445 2923 tibi
460 2868 586 2936 tantisper
596 2867 682 2922 subito
693 2877 756 2921 sunt
767 2868 843 2920 missa
858 2864 959 2928 libello;

159 3038 224 3109 qua
249 3010 391 3083 dictione
408 3009 570 3110 poematia
594 3037 731 3109 quaque
751 3007 884 3110 proprie
911 3008 1131 3104 designantur.
1163 3005 1219 3080 sic

160 3127 246 3199 enim
264 3126 432 3201 Ausonius
455 3122 619 3227 Griphum
635 3155 732 3201 suum
751 3126 790 3200 de
805 3125 964 3201 Temario
980 3151 1116 3197 numero
1134 3121 1220 3195 indi-

160 3240 268 3336 gitat:
291 3275 308 3305 «
334 3241 474 3316 Latebat
497 3239 584 3315 inter
608 3268 713 3336 nugas
737 3267 826 3315 meas
841 3236 976 3311 libellus
998 3235 1177 3333 ignobilis3
1200 3271 1217 3300 »

161 3352 260 3455 paulo
282 3372 361 3457 post
377 3384 384 3426 :
404 3390 421 3420 ιι
442 3354 550 3449 igitur
564 3354 626 3428 iste
642 3369 786 3450 nugator
802 3350 935 3427 libellus
951 3349 1075 3424 tamdiu
1096 3365 1221 3422 secreta

165 3507 182 3536 n
204 3470 355 3569 quidem,
370 3470 427 3543 scd
440 3467 529 3564 vulgi
541 3468 682 3543 lectione
692 3467 866 3554 laceratus,
878 3468 1026 3568 pervenit
1040 3464 1168 3538 tandem
1185 3464 1220 3536 in

166 3625 182 3655 »ι
203 3617 320 3664 manus
337 3605 420 3662 tuas.
448 3621 466 3652 »
497 3584 654 3686 Idemque
677 3585 910 3685 Pmtrepticon
927 3608 1022 3656 suum
1045 3580 1085 3653 de
1103 3579 1223 3680 puerili

163 3705 274 3780 studio
290 3700 437 3776 libellum
456 3701 604 3774 nominat
620 3696 759 3802 epistola
772 3698 814 3772 ad
831 3695 1051 3797 Hesperium:
1070 3728 1087 3759 «
1108 3694 1223 3769 Libel-

167 3855 184 3884 »
204 3821 290 3907 lum,
310 3847 408 3915 quem
433 3817 473 3891 ad
493 3815 686 3918 nepotulum
709 3843 839 3901 meum,
858 3812 983 3888 sororis
1008 3829 1072 3887 tuae
1093 3812 1220 3897 lilium,

167 3973 184 4002 »
205 3941 307 4014 instar
323 3935 519 4036 Protreptici
537 3934 692 4023 luseram,
706 3953 863 4008 venturus
880 3933 942 4007 tibi
955 3934 1094 4033 praemisi
1110 3932 1221 4026 legan-

168 4090 185 4120 »
206 4054 293 4129 dum.
316 4093 332 4123 »
355 4054 407 4128 sic
424 4053 521 4127 ctiam
538 4051 697 4152 Papinius
714 4048 854 4125 Silmlas
871 4078 946 4125 suas
962 4049 1098 4124 Libellos
1110 4042 1222 4146 adpel-
