2752 5136
214 768 256 837 7²
305 747 344 809 P.
381 743 556 811 OVIDII
584 739 807 811 NASONIS
837 744 1173 812 FRAGMENTA.

254 874 298 956 ln
321 882 432 957 codice
456 881 696 985 poematiomm
725 901 871 956 veterum
898 881 996 978 longe
1017 882 1277 982 antiquissimo,

212 1035 308 1107 quem
330 1005 420 1107 apud
440 1007 481 1077 V.
507 1007 545 1079 C.
570 1006 705 1098 Petrum
729 1004 926 1079 Scriverium
942 1005 1029 1093 vidi,
1060 1005 1182 1080 ovidio
1209 1004 1276 1078 boc

209 1128 408 1229 epigramma
423 1126 586 1201 ineditum
604 1128 877 1202 adscribebatnr:

370 1302 432 1355 Jam
446 1300 561 1354 nitidum
572 1299 675 1369 liquidis
686 1301 799 1354 Pboebus
810 1301 886 1369 jubar
897 1299 985 1353 intulit
999 1299 1077 1354 undis
1089 1338 1096 1367 ,

405 1392 551 1446 Emeritam
564 1410 693 1446 renovans
707 1391 825 1464 Tethyos
838 1409 915 1444 amne
928 1390 1023 1444 lacem.

375 1483 453 1536 Astra
464 1483 533 1537 subit
545 1483 627 1536 niveis
638 1483 736 1536 Pboebe
749 1483 870 1537 subrecta
882 1481 1013 1551 juvencis,

404 1574 478 1627 Mitis
489 1584 516 1626 et
530 1573 644 1628 aethereo
658 1574 753 1627 labitur
765 1594 809 1628 ase
820 1592 907 1642 sopor.

375 1661 515 1716 Adludunt
527 1665 611 1717 teneri
625 1665 744 1718 tremulis
756 1683 817 1719 curn
830 1665 956 1718 matribus
968 1664 1046 1735 agni,

405 1752 590 1822 Lacteolasque
604 1755 705 1809 animas
716 1755 813 1809 lacteus
827 1755 924 1809 humor
935 1755 988 1810 alit.

214 1924 253 1992 ln
268 1919 381 1992 eodem
393 1916 505 1990 codice
516 1936 708 2013 argumenta
720 1917 883 1995 librorum
890 1920 1149 2019 Virgilianorum
1159 1937 1278 1993 nostro

213 2042 309 2115 etiam
331 2041 629 2131 adscribebantur,
655 2062 694 2117 ut
714 2044 797 2119 etin
813 2045 927 2122 multis
944 2045 1017 2121 aliis
1034 2041 1279 2143 exemplaribus

211 2165 369 2252 vetustis,
391 2194 462 2266 quae
480 2165 548 2239 vidi
563 2196 570 2239 :
587 2166 644 2240 sed
657 2195 837 2270 perperam.
855 2168 1007 2267 Denique
1025 2167 1060 2237 in
1078 2164 1215 2265 antiquo
1235 2164 1279 2237 li·

212 2287 275 2360 bro
289 2287 424 2383 Georgii
439 2287 597 2379 Fabricii,
617 2289 680 2366 boc
697 2292 895 2394 epigramma
912 2289 950 2362 de
963 2287 1115 2362 Lucretia
1130 2287 1277 2362 Nasonis

211 2436 332 2481 nomen
349 2409 559 2484 ostentabat:

374 2583 469 2650 Quum
480 2581 583 2637 foderet
595 2581 665 2635 ferro
675 2590 775 2634 castum
785 2576 907 2632 Lucretia
919 2589 1027 2649 pectus,

405 2672 545 2741 Sanguinis
559 2684 586 2727 et
598 2684 699 2726 torrens
711 2668 893 2740 egrederetur,
911 2670 965 2724 ait:

376 2763 525 2817 Procedant
537 2776 614 2818 testes
629 2783 672 2818 me
685 2782 741 2816 non
752 2761 874 2831 placuisse
887 2773 1017 2835 tyranno,

406 2854 477 2908 Ante
489 2857 575 2909 virum
586 2855 709 2922 sanguis,
723 2852 828 2921 spiritus
840 2864 900 2907 ante
912 2853 991 2906 Deos.

212 3023 278 3098 Sed
292 3024 358 3122 jam
374 3023 453 3098 satis
470 3054 477 3097 :
492 3055 568 3099 nam
586 3022 659 3096 illas
675 3022 956 3123 ineptissimomm
966 3021 1136 3095 bominum
1154 3021 1194 3095 de
1206 3024 1276 3098 Pu-

211 3145 295 3235 lice,
314 3144 517 3233 Philomela,
538 3154 573 3220 et
587 3145 640 3217 his
658 3143 780 3219 similes
790 3174 895 3241 nugas
913 3143 987 3245 quis
1000 3143 1121 3218 Ovidio
1133 3144 1276 3218 adscribi
1352 3146 1361 3161 '

212 3268 374 3369 patienter
390 3286 447 3343 aut
461 3296 555 3368 aeqno
571 3266 680 3340 animo
699 3265 809 3342 ferat?
834 3270 973 3343 Carmen
991 3268 1086 3340 etiam
1102 3268 1274 3368 panegyri-

214 3416 289 3463 cum
306 3389 347 3463 ad
362 3390 516 3466 Pisonem
532 3389 574 3465 ad
589 3387 652 3466 alia
667 3391 732 3493 jam
750 3410 853 3468 castra
866 3391 939 3488 jure
955 3391 1081 3493 optimo
1095 3388 1255 3465 transivit.

522 3708 623 3753 rtttts
644 3704 965 3754 FRAGMENTORUM.
