<?xml version="1.0" encoding="UTF-8"?>
<!DOCTYPE html PUBLIC "-//W3C//DTD XHTML 1.0 Transitional//EN"
    "http://www.w3.org/TR/xhtml1/DTD/xhtml1-transitional.dtd">
<html xmlns="http://www.w3.org/1999/xhtml" xml:lang="en" lang="en">
 <head>
  <title>
</title>
<meta http-equiv="Content-Type" content="text/html;charset=utf-8" />
  <meta name='ocr-system' content='tesseract 3.04.00' />
  <meta name='ocr-capabilities' content='ocr_page ocr_carea ocr_par ocr_line ocrx_word'/>
</head>
<body>
  <div class='ocr_page' id='page_1' title='image "./publiiovidiinas02massgoog_0224.png"; bbox 0 0 2768 4694; ppageno 0'>
   <div class='ocr_carea' id='block_1_1' title="bbox 469 346 1220 462">
    <p class='ocr_par' dir='ltr' id='par_1_1' title="bbox 469 346 1220 462">
     <span class='ocr_line' id='line_1_1' title="bbox 469 346 1220 462; baseline -0.003 -25"><span class='ocrx_word' id='word_1_1' title='bbox 469 369 583 437; x_wconf 39' lang='lat' dir='ltr'>&gt;ess</span> <span class='ocrx_word' id='word_1_2' title='bbox 607 372 640 436; x_wconf 83' lang='lat' dir='ltr'>t.</span> <span class='ocrx_word' id='word_1_3' title='bbox 666 368 891 456; x_wconf 70' lang='lat' dir='ltr'>Missos.</span> <span class='ocrx_word' id='word_1_4' title='bbox 1023 346 1025 350; x_wconf 64' lang='grc'><strong>“</strong></span> <span class='ocrx_word' id='word_1_5' title='bbox 1154 393 1220 462; x_wconf 76' lang='lat'>219</span> 
     </span>
    </p>
   </div>
   <div class='ocr_carea' id='block_1_2' title="bbox 154 507 1226 2304">
    <p class='ocr_par' dir='ltr' id='par_1_2' title="bbox 156 507 1226 1067">
     <span class='ocr_line' id='line_1_2' title="bbox 157 507 1225 611; baseline 0.004 -32"><span class='ocrx_word' id='word_1_6' title='bbox 157 547 178 579; x_wconf 71' lang='lat'>2»</span> <span class='ocrx_word' id='word_1_7' title='bbox 199 513 265 599; x_wconf 77' lang='lat' dir='ltr'>uit,</span> <span class='ocrx_word' id='word_1_8' title='bbox 279 509 363 585; x_wconf 84' lang='lat' dir='ltr'>milri</span> <span class='ocrx_word' id='word_1_9' title='bbox 373 507 534 610; x_wconf 72' lang='lat' dir='ltr'>fratrique</span> <span class='ocrx_word' id='word_1_10' title='bbox 544 536 634 595; x_wconf 90' lang='lat' dir='ltr'>meo,</span> <span class='ocrx_word' id='word_1_11' title='bbox 646 511 733 583; x_wconf 87' lang='lat' dir='ltr'>inter</span> <span class='ocrx_word' id='word_1_12' title='bbox 744 510 928 611; x_wconf 69' lang='lat' dir='ltr'>praecipuos</span> <span class='ocrx_word' id='word_1_13' title='bbox 943 508 1225 585; x_wconf 79' lang='lat' dir='ltr'>donisudurnstos</span> 
     </span>
     <span class='ocr_line' id='line_1_3' title="bbox 156 622 1222 717; baseline -0.003 -19"><span class='ocrx_word' id='word_1_14' title='bbox 156 661 177 691; x_wconf 77' lang='grc' dir='ltr'><strong>υ</strong></span> <span class='ocrx_word' id='word_1_15' title='bbox 198 625 307 712; x_wconf 79' lang='lat' dir='ltr'>viros,</span> <span class='ocrx_word' id='word_1_16' title='bbox 330 623 484 698; x_wconf 71' lang='lat' dir='ltr'>sanitati</span> <span class='ocrx_word' id='word_1_17' title='bbox 509 623 659 717; x_wconf 77' lang='lat' dir='ltr'>contigit.</span> <span class='ocrx_word' id='word_1_18' title='bbox 687 654 705 687; x_wconf 84' lang='lat'>»</span> <span class='ocrx_word' id='word_1_19' title='bbox 737 624 920 697; x_wconf 73' lang='lat' dir='ltr'><strong>Suetonius</strong></span> <span class='ocrx_word' id='word_1_20' title='bbox 942 622 1057 695; x_wconf 85' lang='lat' dir='ltr'>itidem</span> <span class='ocrx_word' id='word_1_21' title='bbox 1083 622 1222 696; x_wconf 76' lang='lat' dir='ltr'>scribit:</span> 
     </span>
     <span class='ocr_line' id='line_1_4' title="bbox 158 735 1224 840; baseline 0.003 -32"><span class='ocrx_word' id='word_1_22' title='bbox 158 775 178 808; x_wconf 76' lang='lat' dir='ltr'>n</span> <span class='ocrx_word' id='word_1_23' title='bbox 199 740 235 814; x_wconf 90' lang='grc' dir='ltr'><em>Τ</em></span> <span class='ocrx_word' id='word_1_24' title='bbox 230 738 354 815; x_wconf 56' lang='lat' dir='ltr'>&amp;nim</span> <span class='ocrx_word' id='word_1_25' title='bbox 381 738 617 840; x_wconf 66' lang='lat' dir='ltr'>tnbtrphatttem</span> <span class='ocrx_word' id='word_1_26' title='bbox 646 755 841 838; x_wconf 86' lang='lat' dir='ltr'>prosecutos</span> <span class='ocrx_word' id='word_1_27' title='bbox 863 765 927 811; x_wconf 82' lang='lat' dir='ltr'>esre</span> <span class='ocrx_word' id='word_1_28' title='bbox 953 738 1049 812; x_wconf 84' lang='lat' dir='ltr'>etium</span> <span class='ocrx_word' id='word_1_29' title='bbox 1074 735 1224 831; x_wconf 75' lang='lat' dir='ltr'>legatos,</span> 
     </span>
     <span class='ocr_line' id='line_1_5' title="bbox 161 849 1019 954; baseline -0.005 -27"><span class='ocrx_word' id='word_1_30' title='bbox 161 887 179 918; x_wconf 86' lang='grc'>»</span> <span class='ocrx_word' id='word_1_31' title='bbox 199 853 324 954; x_wconf 86' lang='lat' dir='ltr'>quibus</span> <span class='ocrx_word' id='word_1_32' title='bbox 344 849 558 953; x_wconf 78' lang='lat' dir='ltr'>triumphalia</span> <span class='ocrx_word' id='word_1_33' title='bbox 574 869 765 924; x_wconf 83' lang='lat' dir='ltr'>omnnenta</span> <span class='ocrx_word' id='word_1_34' title='bbox 782 851 983 952; x_wconf 84' lang='lat' dir='ltr'>impetrarat.</span> <span class='ocrx_word' id='word_1_35' title='bbox 1002 886 1019 915; x_wconf 74' lang='grc' dir='ltr'><strong>υ</strong></span> 
     </span>
     <span class='ocr_line' id='line_1_6' title="bbox 204 966 1226 1067; baseline -0.004 -21"><span class='ocrx_word' id='word_1_36' title='bbox 204 975 250 1046; x_wconf 92' lang='lat' dir='ltr'>V.</span> <span class='ocrx_word' id='word_1_37' title='bbox 278 971 377 1046; x_wconf 82' lang='lat' dir='ltr'>Unde</span> <span class='ocrx_word' id='word_1_38' title='bbox 402 968 522 1057; x_wconf 78' lang='lat' dir='ltr'>simul,</span> <span class='ocrx_word' id='word_1_39' title='bbox 541 969 664 1043; x_wconf 84' lang='lat' dir='ltr'>uthoc</span> <span class='ocrx_word' id='word_1_40' title='bbox 701 968 876 1057; x_wconf 76' lang='lat' dir='ltr'>addamus,</span> <span class='ocrx_word' id='word_1_41' title='bbox 901 966 1133 1065; x_wconf 73' lang='lat' dir='ltr'>intelliguntur</span> <span class='ocrx_word' id='word_1_42' title='bbox 1155 994 1226 1067; x_wconf 77' lang='lat' dir='ltr'>qun</span> 
     </span>
    </p>

    <p class='ocr_par' dir='ltr' id='par_1_3' title="bbox 154 1084 1226 1304">
     <span class='ocr_line' id='line_1_7' title="bbox 154 1084 1226 1185; baseline -0.006 -24"><span class='ocrx_word' id='word_1_43' title='bbox 154 1089 277 1162; x_wconf 84' lang='lat' dir='ltr'>Noster</span> <span class='ocrx_word' id='word_1_44' title='bbox 305 1086 477 1163; x_wconf 70' lang='lat' dir='ltr'>Messalino</span> <span class='ocrx_word' id='word_1_45' title='bbox 501 1084 641 1171; x_wconf 77' lang='lat' dir='ltr'>scribit,</span> <span class='ocrx_word' id='word_1_46' title='bbox 662 1085 771 1185; x_wconf 83' lang='lat' dir='ltr'>Epist.</span> <span class='ocrx_word' id='word_1_47' title='bbox 801 1105 850 1172; x_wconf 91' lang='lat'>11,</span> <span class='ocrx_word' id='word_1_48' title='bbox 876 1086 1026 1159; x_wconf 86' lang='lat' dir='ltr'>eumdem</span> <span class='ocrx_word' id='word_1_49' title='bbox 1042 1110 1226 1158; x_wconf 84' lang='lat' dir='ltr'>memorans</span> 
     </span>
     <span class='ocr_line' id='line_1_8' title="bbox 158 1199 641 1304; baseline -0.008 -29"><span class='ocrx_word' id='word_1_50' title='bbox 158 1202 388 1304; x_wconf 83' lang='lat' dir='ltr'>triumphum,</span> <span class='ocrx_word' id='word_1_51' title='bbox 408 1230 492 1277; x_wconf 78' lang='lat' dir='ltr'>vers.</span> <span class='ocrx_word' id='word_1_52' title='bbox 507 1199 641 1292; x_wconf 68' lang='lat' dir='ltr'>titt:</span> 
     </span>
    </p>

    <p class='ocr_par' dir='ltr' id='par_1_4' title="bbox 326 1346 1090 1419">
     <span class='ocr_line' id='line_1_9' title="bbox 326 1346 1090 1419; baseline -0.005 -14"><span class='ocrx_word' id='word_1_53' title='bbox 326 1350 385 1419; x_wconf 61' lang='lat' dir='ltr'>ltus</span> <span class='ocrx_word' id='word_1_54' title='bbox 394 1349 407 1414; x_wconf 73' lang='lat' dir='ltr'>l</span> <span class='ocrx_word' id='word_1_55' title='bbox 415 1348 550 1414; x_wconf 73' lang='lat' dir='ltr'>Tiberin)</span> <span class='ocrx_word' id='word_1_56' title='bbox 563 1365 643 1414; x_wconf 83' lang='lat' dir='ltr'>super</span> <span class='ocrx_word' id='word_1_57' title='bbox 655 1365 762 1401; x_wconf 83' lang='lat' dir='ltr'>currum</span> <span class='ocrx_word' id='word_1_58' title='bbox 774 1346 877 1417; x_wconf 71' lang='lat' dir='ltr'>placido</span> <span class='ocrx_word' id='word_1_59' title='bbox 888 1346 1032 1417; x_wconf 66' lang='lat' dir='ltr'>spectabilis</span> <span class='ocrx_word' id='word_1_60' title='bbox 1044 1363 1090 1401; x_wconf 78' lang='lat' dir='ltr'>ore</span> 
     </span>
    </p>

    <p class='ocr_par' dir='ltr' id='par_1_5' title="bbox 362 1437 883 1511">
     <span class='ocr_line' id='line_1_10' title="bbox 362 1437 883 1511; baseline -0.004 -17"><span class='ocrx_word' id='word_1_61' title='bbox 362 1440 491 1511; x_wconf 76' lang='lat' dir='ltr'>Tempore</span> <span class='ocrx_word' id='word_1_62' title='bbox 503 1438 617 1495; x_wconf 74' lang='lat' dir='ltr'>Phoetea</span> <span class='ocrx_word' id='word_1_63' title='bbox 630 1437 729 1508; x_wconf 79' lang='lat' dir='ltr'>virgine</span> <span class='ocrx_word' id='word_1_64' title='bbox 741 1458 805 1493; x_wconf 77' lang='lat' dir='ltr'>neta</span> <span class='ocrx_word' id='word_1_65' title='bbox 817 1439 883 1492; x_wconf 81' lang='lat' dir='ltr'>tulit</span> 
     </span>
    </p>

    <p class='ocr_par' dir='ltr' id='par_1_6' title="bbox 328 1530 994 1601">
     <span class='ocr_line' id='line_1_11' title="bbox 328 1530 994 1601; baseline -0.003 -16"><span class='ocrx_word' id='word_1_66' title='bbox 328 1533 470 1601; x_wconf 72' lang='lat' dir='ltr'>Quempt‘a</span> <span class='ocrx_word' id='word_1_67' title='bbox 480 1544 622 1584; x_wconf 80' lang='lat' dir='ltr'>voutscurt</span> <span class='ocrx_word' id='word_1_68' title='bbox 629 1533 712 1597; x_wconf 73' lang='lat' dir='ltr'>proles</span> <span class='ocrx_word' id='word_1_69' title='bbox 723 1530 858 1584; x_wconf 73' lang='lat' dir='ltr'>comitavit</span> <span class='ocrx_word' id='word_1_70' title='bbox 869 1540 994 1597; x_wconf 87' lang='lat' dir='ltr'>euntem,</span> 
     </span>
    </p>

    <p class='ocr_par' dir='ltr' id='par_1_7' title="bbox 156 1620 1225 2304">
     <span class='ocr_line' id='line_1_12' title="bbox 355 1620 1012 1695; baseline -0.005 -17"><span class='ocrx_word' id='word_1_71' title='bbox 355 1620 441 1695; x_wconf 70' lang='lat' dir='ltr'>Digna</span> <span class='ocrx_word' id='word_1_72' title='bbox 454 1631 564 1693; x_wconf 80' lang='lat' dir='ltr'>parente</span> <span class='ocrx_word' id='word_1_73' title='bbox 576 1639 636 1686; x_wconf 86' lang='lat' dir='ltr'>suo,</span> <span class='ocrx_word' id='word_1_74' title='bbox 648 1621 850 1690; x_wconf 74' lang='lat' dir='ltr'>nominibusque</span> <span class='ocrx_word' id='word_1_75' title='bbox 863 1621 946 1688; x_wconf 76' lang='lat' dir='ltr'>detis,</span> <span class='ocrx_word' id='word_1_76' title='bbox 963 1633 1012 1675; x_wconf 68' lang='lat' dir='ltr'>ete.</span> 
     </span>
     <span class='ocr_line' id='line_1_13' title="bbox 156 1737 1223 1843; baseline -0.007 -22"><span class='ocrx_word' id='word_1_77' title='bbox 156 1742 358 1820; x_wconf 82' lang='lat' dir='ltr'>Messalinus</span> <span class='ocrx_word' id='word_1_78' title='bbox 373 1768 489 1843; x_wconf 85' lang='lat' dir='ltr'>nempe</span> <span class='ocrx_word' id='word_1_79' title='bbox 505 1769 545 1814; x_wconf 82' lang='lat' dir='ltr'>ex</span> <span class='ocrx_word' id='word_1_80' title='bbox 564 1737 631 1813; x_wconf 92' lang='lat' dir='ltr'>illis</span> <span class='ocrx_word' id='word_1_81' title='bbox 650 1756 719 1812; x_wconf 86' lang='lat' dir='ltr'>erat</span> <span class='ocrx_word' id='word_1_82' title='bbox 735 1738 873 1836; x_wconf 78' lang='lat' dir='ltr'>legatis,</span> <span class='ocrx_word' id='word_1_83' title='bbox 891 1738 1013 1839; x_wconf 87' lang='lat' dir='ltr'>quibus</span> <span class='ocrx_word' id='word_1_84' title='bbox 1034 1757 1223 1814; x_wconf 80' lang='lat' dir='ltr'>ornamenta</span> 
     </span>
     <span class='ocr_line' id='line_1_14' title="bbox 159 1854 1225 1964; baseline -0.007 -26"><span class='ocrx_word' id='word_1_85' title='bbox 159 1860 370 1964; x_wconf 82' lang='lat' dir='ltr'>triumphalia</span> <span class='ocrx_word' id='word_1_86' title='bbox 397 1860 487 1935; x_wconf 86' lang='lat' dir='ltr'>fuere</span> <span class='ocrx_word' id='word_1_87' title='bbox 507 1858 605 1945; x_wconf 85' lang='lat' dir='ltr'>duta,</span> <span class='ocrx_word' id='word_1_88' title='bbox 624 1856 669 1932; x_wconf 89' lang='lat' dir='ltr'>ob</span> <span class='ocrx_word' id='word_1_89' title='bbox 692 1885 745 1933; x_wconf 91' lang='lat' dir='ltr'>res</span> <span class='ocrx_word' id='word_1_90' title='bbox 761 1858 796 1930; x_wconf 93' lang='lat' dir='ltr'>in</span> <span class='ocrx_word' id='word_1_91' title='bbox 816 1854 906 1930; x_wconf 89' lang='lat' dir='ltr'>bello</span> <span class='ocrx_word' id='word_1_92' title='bbox 924 1855 1054 1958; x_wconf 85' lang='lat' dir='ltr'>Illyrico</span> <span class='ocrx_word' id='word_1_93' title='bbox 1072 1855 1225 1958; x_wconf 84' lang='lat' dir='ltr'>praeclare</span> 
     </span>
     <span class='ocr_line' id='line_1_15' title="bbox 157 1969 1225 2073; baseline -0.005 -24"><span class='ocrx_word' id='word_1_94' title='bbox 157 1994 284 2073; x_wconf 81' lang='lat' dir='ltr'>gestas,</span> <span class='ocrx_word' id='word_1_95' title='bbox 302 1992 342 2048; x_wconf 91' lang='lat' dir='ltr'>ut</span> <span class='ocrx_word' id='word_1_96' title='bbox 362 1974 558 2047; x_wconf 81' lang='lat' dir='ltr'>nominatim</span> <span class='ocrx_word' id='word_1_97' title='bbox 582 1969 729 2044; x_wconf 79' lang='lat' dir='ltr'>Velleius</span> <span class='ocrx_word' id='word_1_98' title='bbox 750 1978 759 2009; x_wconf 93' lang='lat'><em>¹</em></span> <span class='ocrx_word' id='word_1_99' title='bbox 781 1970 820 2043; x_wconf 88' lang='lat' dir='ltr'>de</span> <span class='ocrx_word' id='word_1_100' title='bbox 838 1971 912 2071; x_wconf 90' lang='lat' dir='ltr'>ipso</span> <span class='ocrx_word' id='word_1_101' title='bbox 940 1988 1077 2044; x_wconf 84' lang='lat' dir='ltr'>testatur</span> <span class='ocrx_word' id='word_1_102' title='bbox 1101 1973 1225 2044; x_wconf 81' lang='lat' dir='ltr'>Messa-</span> 
     </span>
     <span class='ocr_line' id='line_1_16' title="bbox 158 2087 1224 2195; baseline -0.007 -28"><span class='ocrx_word' id='word_1_103' title='bbox 158 2094 241 2182; x_wconf 90' lang='lat' dir='ltr'>lin0;</span> <span class='ocrx_word' id='word_1_104' title='bbox 262 2093 386 2195; x_wconf 87' lang='lat' dir='ltr'>quique</span> <span class='ocrx_word' id='word_1_105' title='bbox 403 2091 486 2165; x_wconf 79' lang='lat' dir='ltr'>adeo</span> <span class='ocrx_word' id='word_1_106' title='bbox 503 2090 674 2164; x_wconf 82' lang='lat' dir='ltr'>Tiberium</span> <span class='ocrx_word' id='word_1_107' title='bbox 692 2090 725 2162; x_wconf 91' lang='lat' dir='ltr'>in</span> <span class='ocrx_word' id='word_1_108' title='bbox 742 2116 863 2192; x_wconf 80' lang='lat' dir='ltr'>pompa</span> <span class='ocrx_word' id='word_1_109' title='bbox 876 2087 1067 2190; x_wconf 85' lang='lat' dir='ltr'>triumphali</span> <span class='ocrx_word' id='word_1_110' title='bbox 1080 2098 1092 2125; x_wconf 84' lang='lat'>²</span> <span class='ocrx_word' id='word_1_111' title='bbox 1107 2104 1224 2162; x_wconf 82' lang='lat' dir='ltr'>euntem</span> 
     </span>
     <span class='ocr_line' id='line_1_17' title="bbox 160 2204 1224 2304; baseline -0.007 -23"><span class='ocrx_word' id='word_1_112' title='bbox 160 2209 318 2284; x_wconf 68' lang='lat' dir='ltr'>comitanti.</span> <span class='ocrx_word' id='word_1_113' title='bbox 334 2208 434 2279; x_wconf 85' lang='lat' dir='ltr'>Hune</span> <span class='ocrx_word' id='word_1_114' title='bbox 446 2207 554 2304; x_wconf 88' lang='lat' dir='ltr'>ipsum</span> <span class='ocrx_word' id='word_1_115' title='bbox 567 2205 730 2293; x_wconf 88' lang='lat' dir='ltr'>bonorem</span> <span class='ocrx_word' id='word_1_116' title='bbox 743 2204 852 2278; x_wconf 80' lang='lat' dir='ltr'>adhuc</span> <span class='ocrx_word' id='word_1_117' title='bbox 866 2204 972 2299; x_wconf 79' lang='lat' dir='ltr'>tangit</span> <span class='ocrx_word' id='word_1_118' title='bbox 985 2232 1033 2277; x_wconf 82' lang='lat' dir='ltr'>vs.</span> <span class='ocrx_word' id='word_1_119' title='bbox 1050 2230 1091 2302; x_wconf 85' lang='lat'>91</span> <span class='ocrx_word' id='word_1_120' title='bbox 1110 2222 1144 2278; x_wconf 92' lang='lat' dir='ltr'>et</span> <span class='ocrx_word' id='word_1_121' title='bbox 1157 2229 1203 2303; x_wconf 88' lang='lat'>92</span> <span class='ocrx_word' id='word_1_122' title='bbox 1216 2231 1224 2274; x_wconf 92' lang='lat'><strong>:</strong></span> 
     </span>
    </p>
   </div>
   <div class='ocr_carea' id='block_1_3' title="bbox 199 2351 1065 2516">
    <p class='ocr_par' dir='ltr' id='par_1_8' title="bbox 199 2351 1065 2516">
     <span class='ocr_line' id='line_1_18' title="bbox 199 2351 1065 2423; baseline -0.008 -13"><span class='ocrx_word' id='word_1_123' title='bbox 199 2353 204 2361; x_wconf 83' lang='grc'><strong>’</strong></span> <span class='ocrx_word' id='word_1_124' title='bbox 323 2357 407 2409; x_wconf 83' lang='lat' dir='ltr'>Hunc</span> <span class='ocrx_word' id='word_1_125' title='bbox 418 2353 496 2419; x_wconf 83' lang='lat' dir='ltr'>culis,</span> <span class='ocrx_word' id='word_1_126' title='bbox 509 2363 568 2406; x_wconf 80' lang='lat' dir='ltr'>ante</span> <span class='ocrx_word' id='word_1_127' title='bbox 581 2353 651 2409; x_wconf 82' lang='lat' dir='ltr'>diem</span> <span class='ocrx_word' id='word_1_128' title='bbox 664 2371 804 2423; x_wconf 85' lang='lat' dir='ltr'>perquem</span> <span class='ocrx_word' id='word_1_129' title='bbox 817 2351 921 2406; x_wconf 75' lang='lat' dir='ltr'>decreta</span> <span class='ocrx_word' id='word_1_130' title='bbox 933 2351 1065 2417; x_wconf 83' lang='lat' dir='ltr'>merenti,</span> 
     </span>
     <span class='ocr_line' id='line_1_19' title="bbox 361 2444 874 2516; baseline -0.002 -18"><span class='ocrx_word' id='word_1_131' title='bbox 361 2445 446 2499; x_wconf 84' lang='lat' dir='ltr'>Venit</span> <span class='ocrx_word' id='word_1_132' title='bbox 456 2444 588 2499; x_wconf 76' lang='lat' dir='ltr'>honoretis</span> <span class='ocrx_word' id='word_1_133' title='bbox 598 2450 684 2500; x_wconf 76' lang='lat' dir='ltr'>lame</span> <span class='ocrx_word' id='word_1_134' title='bbox 695 2445 776 2516; x_wconf 68' lang='lat' dir='ltr'>digna</span> <span class='ocrx_word' id='word_1_135' title='bbox 786 2444 874 2499; x_wconf 83' lang='lat' dir='ltr'>cornis.</span> 
     </span>
    </p>
   </div>
   <div class='ocr_carea' id='block_1_4' title="bbox 157 2557 1227 3247">
    <p class='ocr_par' dir='ltr' id='par_1_9' title="bbox 157 2557 1227 3247">
     <span class='ocr_line' id='line_1_20' title="bbox 157 2557 1226 2662; baseline -0.009 -23"><span class='ocrx_word' id='word_1_136' title='bbox 157 2568 214 2640; x_wconf 73' lang='lat' dir='ltr'>stc</span> <span class='ocrx_word' id='word_1_137' title='bbox 232 2566 390 2638; x_wconf 81' lang='lat' dir='ltr'>nimirum</span> <span class='ocrx_word' id='word_1_138' title='bbox 407 2563 486 2657; x_wconf 83' lang='lat' dir='ltr'>legit</span> <span class='ocrx_word' id='word_1_139' title='bbox 505 2560 547 2635; x_wconf 90' lang='lat' dir='ltr'>cl.</span> <span class='ocrx_word' id='word_1_140' title='bbox 570 2563 641 2636; x_wconf 80' lang='lat' dir='ltr'>Nic.</span> <span class='ocrx_word' id='word_1_141' title='bbox 657 2564 835 2649; x_wconf 83' lang='lat' dir='ltr'>Heinsius,</span> <span class='ocrx_word' id='word_1_142' title='bbox 863 2561 1008 2662; x_wconf 84' lang='lat' dir='ltr'>priorem</span> <span class='ocrx_word' id='word_1_143' title='bbox 1033 2584 1164 2634; x_wconf 86' lang='lat' dir='ltr'>versum</span> <span class='ocrx_word' id='word_1_144' title='bbox 1186 2557 1226 2629; x_wconf 88' lang='lat' dir='ltr'>de</span> 
     </span>
     <span class='ocr_line' id='line_1_21' title="bbox 161 2674 1226 2778; baseline -0.008 -23"><span class='ocrx_word' id='word_1_145' title='bbox 161 2680 300 2755; x_wconf 79' lang='lat' dir='ltr'>&#39;liberio</span> <span class='ocrx_word' id='word_1_146' title='bbox 315 2677 517 2774; x_wconf 78' lang='lat' dir='ltr'>intelligens,</span> <span class='ocrx_word' id='word_1_147' title='bbox 535 2678 594 2778; x_wconf 80' lang='lat' dir='ltr'>qui</span> <span class='ocrx_word' id='word_1_148' title='bbox 612 2680 793 2755; x_wconf 75' lang='lat' dir='ltr'>Messalino</span> <span class='ocrx_word' id='word_1_149' title='bbox 811 2677 955 2753; x_wconf 84' lang='lat' dir='ltr'>lauream</span> <span class='ocrx_word' id='word_1_150' title='bbox 973 2675 1151 2750; x_wconf 77' lang='lat' dir='ltr'>antediem</span> <span class='ocrx_word' id='word_1_151' title='bbox 1172 2674 1226 2747; x_wconf 87' lang='lat' dir='ltr'>‹le-</span> 
     </span>
     <span class='ocr_line' id='line_1_22' title="bbox 163 2793 1225 2895; baseline -0.004 -23"><span class='ocrx_word' id='word_1_152' title='bbox 163 2795 311 2872; x_wconf 82' lang='lat' dir='ltr'>creverit.</span> <span class='ocrx_word' id='word_1_153' title='bbox 328 2797 451 2868; x_wconf 83' lang='lat' dir='ltr'>Verum</span> <span class='ocrx_word' id='word_1_154' title='bbox 465 2794 595 2882; x_wconf 83' lang='lat' dir='ltr'>malim,</span> <span class='ocrx_word' id='word_1_155' title='bbox 614 2822 715 2895; x_wconf 78' lang='lat' dir='ltr'>quum</span> <span class='ocrx_word' id='word_1_156' title='bbox 733 2797 862 2872; x_wconf 87' lang='lat' dir='ltr'>codices</span> <span class='ocrx_word' id='word_1_157' title='bbox 890 2796 971 2868; x_wconf 82' lang='lat' dir='ltr'>varii</span> <span class='ocrx_word' id='word_1_158' title='bbox 988 2794 1070 2882; x_wconf 87' lang='lat' dir='ltr'>sint,</span> <span class='ocrx_word' id='word_1_159' title='bbox 1089 2794 1129 2868; x_wconf 87' lang='lat' dir='ltr'>de</span> <span class='ocrx_word' id='word_1_160' title='bbox 1151 2793 1225 2895; x_wconf 77' lang='lat' dir='ltr'>ipso</span> 
     </span>
     <span class='ocr_line' id='line_1_23' title="bbox 162 2909 1227 3015; baseline -0.002 -27"><span class='ocrx_word' id='word_1_161' title='bbox 162 2917 318 3010; x_wconf 81' lang='lat' dir='ltr'>Augusto</span> <span class='ocrx_word' id='word_1_162' title='bbox 332 2911 441 2985; x_wconf 90' lang='lat' dir='ltr'>locum</span> <span class='ocrx_word' id='word_1_163' title='bbox 454 2909 655 3006; x_wconf 80' lang='lat' dir='ltr'>intelligere,</span> <span class='ocrx_word' id='word_1_164' title='bbox 672 2938 730 3011; x_wconf 86' lang='lat' dir='ltr'>per</span> <span class='ocrx_word' id='word_1_165' title='bbox 741 2940 858 3015; x_wconf 62' lang='lat' dir='ltr'>queem</span> <span class='ocrx_word' id='word_1_166' title='bbox 874 2940 942 2985; x_wconf 91' lang='lat' dir='ltr'>non</span> <span class='ocrx_word' id='word_1_167' title='bbox 959 2939 1037 2985; x_wconf 81' lang='lat' dir='ltr'>vern</span> <span class='ocrx_word' id='word_1_168' title='bbox 1049 2938 1109 3012; x_wconf 89' lang='lat' dir='ltr'>per</span> <span class='ocrx_word' id='word_1_169' title='bbox 1123 2911 1227 2986; x_wconf 88' lang='lat' dir='ltr'>Tibe·</span> 
     </span>
     <span class='ocr_line' id='line_1_24' title="bbox 163 3028 1227 3123; baseline -0.002 -17"><span class='ocrx_word' id='word_1_170' title='bbox 163 3033 268 3119; x_wconf 86' lang='lat' dir='ltr'>n&#39;um,</span> <span class='ocrx_word' id='word_1_171' title='bbox 287 3058 345 3106; x_wconf 82' lang='lat' dir='ltr'>nen</span> <span class='ocrx_word' id='word_1_172' title='bbox 361 3034 522 3104; x_wconf 73' lang='lat' dir='ltr'>sunnam</span> <span class='ocrx_word' id='word_1_173' title='bbox 539 3056 650 3103; x_wconf 81' lang='lat' dir='ltr'>rerum</span> <span class='ocrx_word' id='word_1_174' title='bbox 668 3045 829 3123; x_wconf 61' lang='lat' dir='ltr'>suentem</span> <span class='ocrx_word' id='word_1_175' title='bbox 847 3028 956 3102; x_wconf 79' lang='lat' dir='ltr'>laurea</span> <span class='ocrx_word' id='word_1_176' title='bbox 976 3029 1011 3102; x_wconf 83' lang='lat' dir='ltr'>S.</span> <span class='ocrx_word' id='word_1_177' title='bbox 1030 3029 1069 3103; x_wconf 88' lang='lat' dir='ltr'>C.</span> <span class='ocrx_word' id='word_1_178' title='bbox 1087 3029 1227 3104; x_wconf 88' lang='lat' dir='ltr'>ducibus</span> 
     </span>
     <span class='ocr_line' id='line_1_25' title="bbox 165 3145 1202 3247; baseline -0.001 -24"><span class='ocrx_word' id='word_1_179' title='bbox 165 3150 287 3225; x_wconf 80' lang='lat' dir='ltr'>decreta</span> <span class='ocrx_word' id='word_1_180' title='bbox 304 3160 361 3223; x_wconf 88' lang='lat' dir='ltr'>es&#39;t.</span> <span class='ocrx_word' id='word_1_181' title='bbox 379 3148 508 3222; x_wconf 82' lang='lat' dir='ltr'>Idcirco</span> <span class='ocrx_word' id='word_1_182' title='bbox 525 3147 572 3222; x_wconf 85' lang='lat' dir='ltr'>sic</span> <span class='ocrx_word' id='word_1_183' title='bbox 587 3145 702 3247; x_wconf 87' lang='lat' dir='ltr'>potius</span> <span class='ocrx_word' id='word_1_184' title='bbox 715 3145 813 3222; x_wconf 84' lang='lat' dir='ltr'>istum</span> <span class='ocrx_word' id='word_1_185' title='bbox 825 3146 969 3242; x_wconf 82' lang='lat' dir='ltr'>legerem</span> <span class='ocrx_word' id='word_1_186' title='bbox 980 3146 1202 3222; x_wconf 83' lang='lat' dir='ltr'>versiculum:</span> 
     </span>
    </p>
   </div>
   <div class='ocr_carea' id='block_1_5' title="bbox 327 3293 1069 3452">
    <p class='ocr_par' dir='ltr' id='par_1_10' title="bbox 327 3293 1069 3452">
     <span class='ocr_line' id='line_1_26' title="bbox 327 3293 1069 3366; baseline -0.001 -15"><span class='ocrx_word' id='word_1_187' title='bbox 327 3293 675 3361; x_wconf 63' lang='lat' dir='ltr'>transmisissemus,</span> <span class='ocrx_word' id='word_1_188' title='bbox 688 3310 737 3364; x_wconf 76' lang='lat' dir='ltr'>per</span> <span class='ocrx_word' id='word_1_189' title='bbox 746 3312 825 3366; x_wconf 61' lang='grc' dir='ltr'>μω</span> <span class='ocrx_word' id='word_1_190' title='bbox 839 3295 943 3352; x_wconf 78' lang='lat' dir='ltr'>decreta</span> <span class='ocrx_word' id='word_1_191' title='bbox 956 3297 1069 3351; x_wconf 82' lang='lat' dir='ltr'>merenti</span> 
     </span>
     <span class='ocr_line' id='line_1_27' title="bbox 357 3388 524 3452; baseline 0.024 -14"><span class='ocrx_word' id='word_1_192' title='bbox 357 3388 456 3452; x_wconf 83' lang='lat' dir='ltr'>Venit,</span> <span class='ocrx_word' id='word_1_193' title='bbox 473 3399 524 3442; x_wconf 81' lang='lat' dir='ltr'>etc·</span> 
     </span>
    </p>
   </div>
   <div class='ocr_carea' id='block_1_6' title="bbox 165 3530 1232 4192">
    <p class='ocr_par' dir='ltr' id='par_1_11' title="bbox 197 3530 764 3599">
     <span class='ocr_line' id='line_1_28' title="bbox 197 3530 764 3599; baseline -0.011 -16"><span class='ocrx_word' id='word_1_194' title='bbox 197 3531 204 3559; x_wconf 89' lang='lat'>¹</span> <span class='ocrx_word' id='word_1_195' title='bbox 222 3530 278 3584; x_wconf 85' lang='lat' dir='ltr'>Lib.</span> <span class='ocrx_word' id='word_1_196' title='bbox 291 3530 335 3596; x_wconf 91' lang='lat' dir='ltr'>ll,</span> <span class='ocrx_word' id='word_1_197' title='bbox 348 3549 403 3598; x_wconf 77' lang='lat' dir='ltr'>cap.</span> <span class='ocrx_word' id='word_1_198' title='bbox 418 3548 473 3583; x_wconf 64' lang='grc' dir='ltr'>ιιι.</span> <span class='ocrx_word' id='word_1_199' title='bbox 761 3590 764 3599; x_wconf 36' lang='grc' dir='ltr'>Ι</span> 
     </span>
    </p>

    <p class='ocr_par' dir='ltr' id='par_1_12' title="bbox 165 3616 1232 4192">
     <span class='ocr_line' id='line_1_29' title="bbox 199 3616 1230 3693; baseline -0.002 -22"><span class='ocrx_word' id='word_1_200' title='bbox 199 3619 211 3648; x_wconf 89' lang='lat'><strong>¹</strong></span> <span class='ocrx_word' id='word_1_201' title='bbox 227 3618 309 3686; x_wconf 76' lang='lat' dir='ltr'>Cuius</span> <span class='ocrx_word' id='word_1_202' title='bbox 320 3621 388 3674; x_wconf 83' lang='lat' dir='ltr'>vocis</span> <span class='ocrx_word' id='word_1_203' title='bbox 399 3620 455 3675; x_wconf 83' lang='lat' dir='ltr'>loeo</span> <span class='ocrx_word' id='word_1_204' title='bbox 466 3618 535 3674; x_wconf 79' lang='lat' dir='ltr'>mule</span> <span class='ocrx_word' id='word_1_205' title='bbox 551 3619 582 3675; x_wconf 89' lang='lat' dir='ltr'>el.</span> <span class='ocrx_word' id='word_1_206' title='bbox 600 3616 657 3676; x_wconf 63' lang='lat' dir='ltr'>Nic„</span> <span class='ocrx_word' id='word_1_207' title='bbox 678 3619 804 3677; x_wconf 80' lang='lat' dir='ltr'>Heinsius</span> <span class='ocrx_word' id='word_1_208' title='bbox 824 3632 938 3676; x_wconf 71' lang='lat' dir='ltr'>ouantem</span> <span class='ocrx_word' id='word_1_209' title='bbox 952 3621 1135 3693; x_wconf 85' lang='lat' dir='ltr'>reponendum</span> <span class='ocrx_word' id='word_1_210' title='bbox 1156 3619 1230 3671; x_wconf 84' lang='lat' dir='ltr'>arbi-</span> 
     </span>
     <span class='ocr_line' id='line_1_30' title="bbox 170 3705 1232 3778; baseline -0.014 -8"><span class='ocrx_word' id='word_1_211' title='bbox 170 3711 250 3755; x_wconf 65' lang='lat' dir='ltr'>lffllur</span> <span class='ocrx_word' id='word_1_212' title='bbox 259 3742 267 3768; x_wconf 68' lang='lat' dir='ltr'>i</span> <span class='ocrx_word' id='word_1_213' title='bbox 277 3705 346 3773; x_wconf 78' lang='lat' dir='ltr'>quod</span> <span class='ocrx_word' id='word_1_214' title='bbox 359 3705 478 3761; x_wconf 85' lang='lat' dir='ltr'>Tiberius</span> <span class='ocrx_word' id='word_1_215' title='bbox 491 3706 524 3761; x_wconf 89' lang='lat' dir='ltr'>ob</span> <span class='ocrx_word' id='word_1_216' title='bbox 536 3725 578 3761; x_wconf 87' lang='lat' dir='ltr'>res</span> <span class='ocrx_word' id='word_1_217' title='bbox 588 3706 658 3760; x_wconf 87' lang='lat' dir='ltr'>bello</span> <span class='ocrx_word' id='word_1_218' title='bbox 670 3705 831 3762; x_wconf 78' lang='lat' dir='ltr'>Germanico</span> <span class='ocrx_word' id='word_1_219' title='bbox 843 3720 925 3778; x_wconf 75' lang='lat' dir='ltr'>gestes</span> <span class='ocrx_word' id='word_1_220' title='bbox 935 3721 962 3762; x_wconf 79' lang='lat' dir='ltr'>et</span> <span class='ocrx_word' id='word_1_221' title='bbox 973 3726 1050 3762; x_wconf 73' lang='lat' dir='ltr'>ovans</span> <span class='ocrx_word' id='word_1_222' title='bbox 1066 3716 1173 3758; x_wconf 79' lang='lat' dir='ltr'>etcum</span> <span class='ocrx_word' id='word_1_223' title='bbox 1185 3724 1232 3757; x_wconf 61' lang='lat' dir='ltr'>mb</span> 
     </span>
     <span class='ocr_line' id='line_1_31' title="bbox 168 3786 1230 3866; baseline 0.001 -29"><span class='ocrx_word' id='word_1_224' title='bbox 168 3788 221 3837; x_wconf 76' lang='lat' dir='ltr'>bem</span> <span class='ocrx_word' id='word_1_225' title='bbox 234 3790 358 3854; x_wconf 68' lang='lat' dir='ltr'>ingressus</span> <span class='ocrx_word' id='word_1_226' title='bbox 372 3798 422 3851; x_wconf 84' lang='lat' dir='ltr'>est,</span> <span class='ocrx_word' id='word_1_227' title='bbox 433 3789 563 3844; x_wconf 81' lang='lat' dir='ltr'>scribente</span> <span class='ocrx_word' id='word_1_228' title='bbox 582 3787 731 3856; x_wconf 84' lang='lat' dir='ltr'>Suetonio,</span> <span class='ocrx_word' id='word_1_229' title='bbox 751 3789 794 3844; x_wconf 87' lang='lat' dir='ltr'>lib.</span> <span class='ocrx_word' id='word_1_230' title='bbox 807 3789 849 3845; x_wconf 83' lang='grc' dir='ltr'>ΙΙΙ</span> <span class='ocrx_word' id='word_1_231' title='bbox 857 3831 865 3858; x_wconf 84' lang='grc'><em>,</em></span> <span class='ocrx_word' id='word_1_232' title='bbox 878 3811 933 3862; x_wconf 81' lang='lat' dir='ltr'>cap.</span> <span class='ocrx_word' id='word_1_233' title='bbox 941 3813 965 3866; x_wconf 84' lang='lat'>9.</span> <span class='ocrx_word' id='word_1_234' title='bbox 986 3788 1067 3857; x_wconf 78' lang='lat' dir='ltr'>Atqui</span> <span class='ocrx_word' id='word_1_235' title='bbox 1079 3788 1099 3840; x_wconf 87' lang='lat' dir='ltr'>is</span> <span class='ocrx_word' id='word_1_236' title='bbox 1111 3787 1160 3841; x_wconf 87' lang='lat' dir='ltr'>hoc</span> <span class='ocrx_word' id='word_1_237' title='bbox 1173 3786 1230 3841; x_wconf 86' lang='lat' dir='ltr'>loco</span> 
     </span>
     <span class='ocr_line' id='line_1_32' title="bbox 167 3867 1230 3944; baseline 0.002 -24"><span class='ocrx_word' id='word_1_238' title='bbox 167 3869 199 3922; x_wconf 84' lang='lat' dir='ltr'>de</span> <span class='ocrx_word' id='word_1_239' title='bbox 214 3869 292 3922; x_wconf 86' lang='lat' dir='ltr'>rebus</span> <span class='ocrx_word' id='word_1_240' title='bbox 303 3867 418 3937; x_wconf 88' lang='lat' dir='ltr'>loquitur</span> <span class='ocrx_word' id='word_1_241' title='bbox 427 3872 561 3926; x_wconf 72' lang='lat' dir='ltr'>r&#39;l&#39;iberio</span> <span class='ocrx_word' id='word_1_242' title='bbox 572 3873 649 3943; x_wconf 75' lang='lat' dir='ltr'>gestis</span> <span class='ocrx_word' id='word_1_243' title='bbox 661 3894 703 3927; x_wconf 81' lang='lat' dir='ltr'>an.</span> <span class='ocrx_word' id='word_1_244' title='bbox 716 3875 752 3929; x_wconf 91' lang='lat' dir='ltr'>U.</span> <span class='ocrx_word' id='word_1_245' title='bbox 764 3872 795 3928; x_wconf 87' lang='lat' dir='ltr'>C.</span> <span class='ocrx_word' id='word_1_246' title='bbox 810 3889 926 3944; x_wconf 79' lang='lat' dir='ltr'>nccxtv,</span> <span class='ocrx_word' id='word_1_247' title='bbox 939 3896 968 3930; x_wconf 80' lang='lat' dir='ltr'>ne</span> <span class='ocrx_word' id='word_1_248' title='bbox 978 3873 1079 3940; x_wconf 81' lang='lat' dir='ltr'>subseq.</span> <span class='ocrx_word' id='word_1_249' title='bbox 1091 3888 1143 3940; x_wconf 92' lang='lat' dir='ltr'>quo</span> <span class='ocrx_word' id='word_1_250' title='bbox 1155 3879 1230 3923; x_wconf 86' lang='lat' dir='ltr'>tem-</span> 
     </span>
     <span class='ocr_line' id='line_1_33' title="bbox 166 3948 1228 4027; baseline -0.002 -21"><span class='ocrx_word' id='word_1_251' title='bbox 166 3971 229 4020; x_wconf 87' lang='lat' dir='ltr'>pore</span> <span class='ocrx_word' id='word_1_252' title='bbox 250 3951 386 4006; x_wconf 80' lang='lat' dir='ltr'>&#39;liberium</span> <span class='ocrx_word' id='word_1_253' title='bbox 402 3974 488 4008; x_wconf 75' lang='lat' dir='ltr'>orasse</span> <span class='ocrx_word' id='word_1_254' title='bbox 507 3955 587 4011; x_wconf 69' lang='lat' dir='ltr'>tradit</span> <span class='ocrx_word' id='word_1_255' title='bbox 603 3977 707 4027; x_wconf 86' lang='lat' dir='ltr'>quoque</span> <span class='ocrx_word' id='word_1_256' title='bbox 726 3957 859 4025; x_wconf 86' lang='lat' dir='ltr'>Velleius,</span> <span class='ocrx_word' id='word_1_257' title='bbox 871 3958 915 4011; x_wconf 85' lang='lat' dir='ltr'>lib.</span> <span class='ocrx_word' id='word_1_258' title='bbox 934 3959 976 4023; x_wconf 85' lang='lat' dir='ltr'>ll,</span> <span class='ocrx_word' id='word_1_259' title='bbox 991 3973 1045 4022; x_wconf 79' lang='lat' dir='ltr'>cap.</span> <span class='ocrx_word' id='word_1_260' title='bbox 1055 3952 1102 4024; x_wconf 71' lang='lat' dir='ltr'>pb,</span> <span class='ocrx_word' id='word_1_261' title='bbox 1115 3971 1145 4005; x_wconf 80' lang='lat' dir='ltr'>as</span> <span class='ocrx_word' id='word_1_262' title='bbox 1156 3948 1228 4018; x_wconf 89' lang='lat' dir='ltr'>Dio,</span> 
     </span>
     <span class='ocr_line' id='line_1_34' title="bbox 165 4031 1228 4111; baseline -0.016 -9"><span class='ocrx_word' id='word_1_263' title='bbox 165 4031 207 4091; x_wconf 68' lang='lat' dir='ltr'>lib·</span> <span class='ocrx_word' id='word_1_264' title='bbox 219 4037 279 4100; x_wconf 67' lang='lat' dir='ltr'>LV,</span> <span class='ocrx_word' id='word_1_265' title='bbox 291 4057 348 4107; x_wconf 61' lang='grc' dir='ltr'>ρᾶς.</span> <span class='ocrx_word' id='word_1_266' title='bbox 362 4041 426 4111; x_wconf 74' lang='grc'>549,</span> <span class='ocrx_word' id='word_1_267' title='bbox 440 4039 509 4108; x_wconf 81' lang='lat' dir='ltr'>qnod</span> <span class='ocrx_word' id='word_1_268' title='bbox 528 4057 582 4093; x_wconf 89' lang='lat' dir='ltr'>non</span> <span class='ocrx_word' id='word_1_269' title='bbox 599 4052 655 4096; x_wconf 77' lang='lat' dir='ltr'>erut</span> <span class='ocrx_word' id='word_1_270' title='bbox 669 4041 888 4096; x_wconf 81' lang='lat' dir='ltr'>confundendum</span> <span class='ocrx_word' id='word_1_271' title='bbox 908 4057 968 4093; x_wconf 87' lang='lat' dir='ltr'>eum</span> <span class='ocrx_word' id='word_1_272' title='bbox 985 4035 1119 4104; x_wconf 87' lang='lat' dir='ltr'>triumpho</span> <span class='ocrx_word' id='word_1_273' title='bbox 1137 4033 1228 4107; x_wconf 79' lang='lat' dir='ltr'>viginti</span> 
     </span>
     <span class='ocr_line' id='line_1_35' title="bbox 167 4117 1227 4192; baseline -0.005 -17"><span class='ocrx_word' id='word_1_274' title='bbox 167 4133 221 4188; x_wconf 83' lang='lat' dir='ltr'>post</span> <span class='ocrx_word' id='word_1_275' title='bbox 231 4121 307 4177; x_wconf 78' lang='lat' dir='ltr'>annis</span> <span class='ocrx_word' id='word_1_276' title='bbox 319 4120 409 4191; x_wconf 83' lang='lat' dir='ltr'>ducto,</span> <span class='ocrx_word' id='word_1_277' title='bbox 421 4121 567 4192; x_wconf 81' lang='lat' dir='ltr'>etquidem</span> <span class='ocrx_word' id='word_1_278' title='bbox 574 4122 608 4179; x_wconf 86' lang='lat' dir='ltr'>ob</span> <span class='ocrx_word' id='word_1_279' title='bbox 620 4144 661 4181; x_wconf 87' lang='lat' dir='ltr'>res</span> <span class='ocrx_word' id='word_1_280' title='bbox 672 4125 845 4190; x_wconf 76' lang='lat' dir='ltr'>Pannonicas,</span> <span class='ocrx_word' id='word_1_281' title='bbox 857 4136 905 4181; x_wconf 75' lang='lat' dir='ltr'>ets</span> <span class='ocrx_word' id='word_1_282' title='bbox 913 4139 968 4175; x_wconf 91' lang='lat' dir='ltr'>non</span> <span class='ocrx_word' id='word_1_283' title='bbox 979 4137 1042 4175; x_wconf 78' lang='lat' dir='ltr'>tero</span> <span class='ocrx_word' id='word_1_284' title='bbox 1048 4117 1227 4187; x_wconf 70' lang='lat' dir='ltr'>Germanicus.</span> 
     </span>
    </p>
   </div>
   <div class='ocr_carea' id='block_1_7' title="bbox 0 0 1396 4694">
    <p class='ocr_par' dir='ltr' id='par_1_13' title="bbox 0 0 1396 4694">
     <span class='ocr_line' id='line_1_36' title="bbox 0 0 1396 4694; baseline 0 0"><span class='ocrx_word' id='word_1_285' title='bbox 0 0 1396 4694; x_wconf 95' lang='lat' dir='ltr'> </span> 
     </span>
    </p>
   </div>
  </div>
 </body>
</html>
