2768 4694
483 338 580 406 ene
601 339 635 405 r.
661 338 884 408 nasson.
1000 300 1004 307 ’
1146 344 1218 433 ,37

158 510 177 541 »
191 474 288 577 quod
303 474 427 576 primus
444 473 619 550 edificavit
632 475 795 551 Hostilius
808 505 874 551 rex.
891 509 909 540 u
935 477 1007 548 Hoc
1024 503 1121 550 sensu
1134 506 1213 578 pos·

157 591 222 666 sim
237 588 326 692 apud
340 588 496 691 antiquos
512 591 597 663 cunis
611 592 698 663 venit
714 621 775 693 pro
787 591 882 678 loco,
896 590 957 665 ubi
969 607 1101 665 senatus
1110 591 1213 665 lrabe-

157 705 274 793 bator,
290 721 323 779 et
338 704 493 779 translate
511 732 575 805 pru
591 705 665 806 ipso
685 726 817 782 senatus
842 735 899 782 seu
915 724 1046 808 potrum
1071 707 1213 782 conseri·

155 841 288 924 ptornm
309 850 459 924 corpore.
487 823 642 897 Disertus
667 841 718 897 est
743 822 892 896 Suetonii
919 820 1011 897 locus
1037 831 1046 861 ¹
1074 821 1115 895 de
1142 823 1214 895 Au·

155 957 251 1035 gustu
267 938 440 1013 scribens:
459 973 476 1005 α
495 938 626 1012 Liberis
645 958 853 1025 senatorum,
873 968 940 1039 quo
954 936 1091 1013 celerius
1104 937 1214 1038 reipu-

156 1088 173 1118 »
191 1052 288 1128 bticae
304 1071 546 1141 assuescerent,
563 1055 717 1153 protinus
734 1054 860 1129 virilem
879 1072 1011 1150 togam,
1028 1050 1130 1126 loturo
1151 1051 1215 1126 ola-

156 1202 173 1232 »
193 1199 275 1244 vom
291 1169 448 1262 induere,
465 1186 499 1242 et
517 1166 612 1242 curiae
630 1170 799 1257 interesse,
817 1168 984 1271 permisit,
1000 1186 1061 1242 etc.
1085 1202 1103 1235 u
1127 1169 1214 1243 lline

156 1287 249 1387 apud
263 1286 461 1374 Horatium,
477 1285 533 1361 lib.
549 1289 602 1375 ll,
622 1286 686 1360 Od.
706 1305 742 1374 t,
763 1314 845 1361 vers.
871 1285 912 1357 13
930 1304 962 1358 et
983 1288 1049 1379 14:

390 1431 489 1502 Insigne
499 1433 596 1487 moestis
609 1431 755 1501 presidium
768 1433 835 1497 reis,

415 1520 451 1574 Et
460 1520 607 1575 consulenti
619 1520 703 1575 Pollio
717 1521 812 1575 Curio.

163 1637 208 1709 Er
223 1636 363 1725 Noster,
381 1662 423 1710 ne
438 1634 552 1736 plures
569 1636 733 1736 proferam
758 1654 875 1724 testes,
892 1637 981 1710 Sext.
999 1637 1215 1737 Pompeium,

161 1778 256 1850 quem
272 1748 440 1826 consulem
455 1752 616 1853 proximis
635 1750 784 1827 kalendis
796 1752 1037 1848 augurabatur,
1056 1780 1095 1825 ex
1116 1752 1213 1825 Pont.
1299 1750 1305 1765 '

156 1864 214 1940 lib.
233 1868 293 1955 IV,
311 1867 418 1968 Epist.
436 1886 492 1957 w,
511 1896 595 1943 vers.
615 1866 662 1939 35
679 1885 712 1941 et
730 1866 798 1941 36:

321 2016 397 2068 carra
409 2025 435 2067 te
448 2014 571 2085 exdpiet,
580 2024 720 2084 potusque
733 2034 747 2068 e
763 2032 835 2069 more
849 2015 939 2069 vocati.

350 2103 495 2159 lutendeut
508 2124 585 2159 aures
597 2105 629 2159 od
643 2115 688 2159 tua
698 2106 777 2159 verba
786 2125 851 2158 suos.

159 2219 253 2306 ltu,
269 2218 398 2293 Foster.
419 2218 478 2302 lib,
502 2223 556 2306 ll,
573 2237 612 2294 ut
629 2220 842 2317 significaret,
861 2223 1084 2317 Augustnmo
1107 2219 1215 2292 tribus

160 2333 349 2422 ordinibus,
368 2332 517 2436 populo,
535 2353 668 2423 senatu,
688 2354 720 2408 et
736 2335 921 2435 equitibus,
932 2337 1032 2437 parnt
1041 2334 1155 2434 potnit
1169 2333 1217 2405 ti-

162 2448 227 2522 tulo
242 2449 431 2525 decoratum
450 2479 536 2538 esse,
552 2453 597 2526 ait
612 2460 691 2527 ve'rs.
717 2479 781 2552 127
798 2482 806 2524 :

316 2598 411 2651 Sancte
420 2604 593 2666 paterpaln'ae
602 2600 611 2651 ‚¹
621 2600 668 2652 tibi
680 2615 776 2664 enm,
793 2599 839 2651 tibi
852 2611 938 2650 court
950 2617 1038 2650 nomen

349 2688 408 2741 llos
419 2687 505 2754 dedit,
519 2687 568 2742 hoc
580 2687 700 2741 dedimus
711 2708 759 2741 nos
772 2688 817 2741 tibi
831 2705 930 2740 nomen
945 2700 1041 2751 thxs.

211 2808 255 2880 lt.
272 2808 379 2902 lgitur
391 2837 488 2908 qnnm
502 2809 643 2883 Ovidius
659 2838 749 2910 spem
765 2827 898 2884 senatus
914 2824 1031 2908 sponte
1045 2805 1214 2904 abjiceret,

164 2915 265 2992 latum
276 2948 408 3021 quoque
418 2920 538 2997 clavum
548 2979 557 3009 ,
567 2923 665 2994 istius
673 2924 815 3022 supremi
828 2922 953 2995 ordinis
962 2919 1107 3014 insigne,
1118 2919 1215 3008 exuit,

161 3062 193 3106 ac
215 3053 392 3130 angustum
417 3034 541 3111 olavum
568 3035 737 3134 equitibus
762 3039 935 3139 proprium
960 3037 1086 3122 induit,
1103 3036 1214 3136 sicque

161 3150 580 3234 coementariorum
597 3168 629 3223 et
642 3151 773 3251 quidem
787 3155 847 3227 otii
860 3171 987 3229 tantum
998 3182 1128 3234 amore,
1146 3183 1215 3226 uon

160 3295 229 3341 vero
244 3296 351 3342 census
367 3268 522 3342 senatorii
542 3266 679 3342 delectu.
699 3271 734 3343 ls
750 3288 856 3344 autem
875 3286 1062 3343 senatorum
1075 3298 1211 3354 census,

158 3381 274 3483 (quem
288 3381 403 3483 paucis
416 3407 580 3481 exponere
595 3409 661 3455 non
677 3383 739 3456 erit
751 3384 811 3458 abs
825 3384 884 3480 re)
898 3384 1129 3485 octrirgeutorum
1142 3385 1213 3457 mil-

158 3492 226 3564 lium
238 3493 340 3568 snisse
359 3493 489 3568 ridetur
503 3520 542 3566 ex
555 3494 714 3569 Suetonio
732 3506 769 3584 ²,
785 3498 889 3571 donec
903 3499 1093 3594 Augustus,
1112 3522 1214 3599 quum

160 3606 254 3679 multi
278 3639 337 3708 por
355 3608 459 3698 bella,
476 3609 583 3685 civilia
605 3640 744 3713 nempe,
762 3613 906 3714 paternis
926 3614 1059 3716 spoliati
1075 3615 1215 3687 luissent

159 3719 275 3809 bonis,
292 3724 336 3796 ad
349 3726 566 3826 quadringenta
580 3728 678 3802 milleio
693 3728 841 3804 eumdem
861 3731 1042 3825 redegerit,
1058 3747 1097 3802 ut
1115 3726 1126 3764 ³
1147 3725 1212 3798 Dio

191 3895 200 3924 ¹
219 3891 252 3944 ln
267 3891 332 3960 Aug.
342 3911 397 3963 cap.
406 3896 444 3951 δι

188 3985 201 4015 ²
218 3982 252 4035 ln
269 3981 402 4053 Aug.eap.
413 3988 460 4057 l¹·,

188 4072 199 4105 ³
216 4073 274 4127 Lil).
287 4072 351 4127 LIV
360 4093 436 4153 'W
451 4078 513 4145 532,
527 4082 579 4145 540.
