2768 4694
392 356 459 424 nn
482 358 521 423 e.
549 356 742 424 ovrnro
767 355 985 424 nnsonn.
1157 359 1225 454 4⁰9

159 522 212 583 per
227 497 349 559 llleron.
365 491 512 560 victorem
525 509 554 558 et
565 501 614 558 Jo·
628 498 823 579 Singrenium.
840 499 980 575 Expensis
999 518 1069 562 vero
1080 500 1223 562 Leunardi

160 612 190 659 et
204 601 291 661 Luem
305 598 452 670 Illumne,
465 598 592 658 fratrum.
616 597 713 657 Idibus
725 596 880 658 Novembr.
904 597 994 657 Anno
1010 599 1055 655 M.
1071 597 1110 656 D.
1121 601 1194 659 XII.
1208 629 1224 655 »

161 696 392 770 in·4⁰.-Deuis
412 698 458 758 W
454 699 515 758 ime
532 697 657 757 Bucbdr.
673 697 854 770 Gesrhicbte,
872 718 935 782 pag.
953 718 1000 778 7²·

201 803 467 882 Meumorphoseos
479 802 544 863 libri
557 846 566 874 ‚
585 825 650 861 eum
667 803 808 862 Lacmnlii
819 802 994 884 argumentis
1008 846 1017 875 ‚
1029 803 1072 863 M.
1085 802 1164 863 Puri
1171 805 1229 864 La-

149 903 230 963 ¹ninii
246 914 276 963 et
292 904 385 983 Raph.
398 903 483 985 Regii
497 899 731 962 enarrationibus.
742 900 876 977 Lugduni
883 920 895 970 ,·
911 921 964 980 per
973 901 1114 960 Jacubum
1128 901 1228 961 Suc'un.

157 1001 241 1074 in-40.
254 1004 429 1077 -Punuer‚
446 1015 517 1061 tom.
536 1002 602 1073 IX,
622 1020 684 1083 pag.
702 997 770 1057 512.

198 1109 468 1190 bletumorphoseos
481 1107 546 1166 libri
561 1105 731 1178 moralizuti,
759 1126 823 1164 cum
851 1103 1048 1185 pulcherrimis
1075 1103 1127 1163 lah.
1148 1104 1232 1181 prin-

159 1207 289 1284 cipalium
304 1207 414 1289 figuris.
431 1209 465 1264 ln
476 1206 551 1265 line:
571 1232 585 1259 u
600 1205 733 1282 Impress.
755 1203 888 1285 Lugduni
906 1226 957 1280 per
969 1203 1109 1263 Iacobum
1123 1204 1230 1265 Saron.

160 1306 300 1383 Impensis
313 1304 435 1366 honesti
454 1304 508 1363 viri
525 1307 584 1363 Jae.
602 1306 755 1385 Hnguelun
770 1347 779 1375 ‚
797 1325 862 1363 ann.
878 1303 997 1363 Domini
1018 1304 1121 1363 Milles.
1140 1305 1231 1386 quin-

159 1404 319 1486 gentesimo
337 1402 507 1463 duodecimo
520 1445 529 1475 ‚
543 1419 577 1461 xl
595 1403 639 1462 die
655 1403 757 1462 mensis
769 1403 906 1464 Ianuarii.
922 1430 938 1455 u
955 1401 1228 1478 insol-Panum,

159 1512 232 1562 tom.
247 1504 328 1575 VII,
344 1523 409 1583 pag.
425 1522 491 1585 ²99·

202 1606 285 1668 Libri
299 1608 437 1668 Tristinm
451 1618 481 1667 et
497 1628 530 1666 ex
546 1607 644 1666 Ponto
679 1629 745 1668 cum
762 1618 915 1666 comment.
933 1608 1032 1670 Buten
1047 1589 1175 1671 Merum.
1194 1611 1229 1670 ln
1319 1659 1321 1663 ,

157 1705 273 1766 linet«
301 1706 449 1784 Impressit
471 1703 629 1766 Mediolani
654 1703 790 1785 magister
817 1705 980 1770 Ludovieus
1006 1707 1041 1768 de
1071 1705 1228 1780 bubulco,

157 1803 290 1864 MDXII
301 1846 310 1879 ,
322 1802 368 1864 die
382 1819 422 1864 111
435 1801 612 1865 Decembris:
628 1829 642 1855 »
655 1798 804 1862 in-lol.-
812 1802 930 1877 Pansa,
941 1816 1012 1867 tom.
1021 1806 1085 1865 VII
1095 1849 1103 1879 ‚
1115 1828 1144 1883 p.
1156 1803 1227 1891 392.

198 1906 347 1973 Fastorum
369 1910 457 1985 libri,
473 1931 540 1971 uum
556 1907 731 1990 argumentis
747 1908 778 1968 in
794 1906 935 1969 librorum
956 1911 1093 1993 eupilibus
1115 1912 1226 1973 additis.

159 2013 195 2071 ln
211 2011 267 2071 fine
284 2033 291 2070 ε
310 2037 325 2064 ιι
345 2010 520 2091 lmpressum
538 2004 638 2088 Lipluh
656 2028 708 2084 per
733 2005 885 2087 providum
908 2027 961 2067 nee
987 2031 1047 2070 non
1070 2010 1225 2070 honestum

157 2110 250 2170 virum
278 2107 494 2170 Baeculuureum
510 2106 666 2167 Martinum
694 2102 942 2180 Herbipolensem.
966 2104 1054 2167 Anno
1075 2107 1225 2168 millesimo

160 2206 388 2289 quingentesimo
405 2202 585 2263 duodecimo.
603 2231 618 2256 n
636 2203 722 2278 in-lp⁰.
734 2203 906 2275 -Punuer‚
921 2213 991 2262 tom.
1008 2205 1094 2280 VH,
1111 2228 1139 2283 p.
1158 2202 1224 2288 176.

646 2340 731 2404 1513.

200 2476 361 2536 Heroidum
385 2472 549 2555 Epistola,
569 2496 633 2534 cnm
653 2472 751 2535 Sabini
774 2476 829 2552 Ep.
857 2475 891 2532 ln
918 2472 997 2532 fine:
1017 2477 1223 2550 «Impressum

159 2578 280 2637 Viennoe
293 2573 468 2647 Pannoniae,
483 2572 514 2631 in
529 2572 636 2634 aedibus
659 2574 740 2633 Hier.
755 2574 882 2633 Victoris
898 2584 927 2632 et
941 2575 991 2633 Jo.
1008 2572 1153 2655 Singrenii
1170 2599 1223 2638 so-

160 2677 279 2738 ciorum.
297 2671 435 2749 Expensis
450 2690 519 2731 vero
531 2670 672 2731 Leonardi
689 2684 717 2732 et
731 2675 818 2734 Lueae
836 2670 969 2733 Aluntsle
984 2670 1121 2745 Iratum,
1137 2676 1223 2738 terlio
1290 2718 1301 2740 κ

159 2772 298 2835 Kalendas
310 2770 445 2852 Augusti.
455 2770 543 2831 Anno
559 2773 602 2830 M.
615 2772 654 2830 D.
665 2772 754 2830 XIII.
769 2800 784 2825 ι»
799 2769 884 2844 in-lp.
895 2805 936 2818 -
946 2772 1061 2847 Panum,
1075 2784 1145 2832 torn.
1158 2776 1221 2848 IX,

111 2868 118 2884 ’
158 2892 221 2953 pag.
243 2891 288 2952 ¹7·

200 2978 362 3039 Heroidum
380 2975 543 3054 Epistolae,
565 2975 697 3058 Sapphus
715 2996 722 3033 ε
737 2987 821 3057 alque
838 2976 868 3035 in
885 2973 950 3034 Ibin
967 2976 1078 3057 argutie
1095 2999 1225 3040 cumen-

158 3080 302 3162 positione
322 3075 448 3135 familiari
466 3077 537 3134 Ant.
553 3074 677 3149 Volsci,
695 3073 829 3135 Ubertini
842 3119 851 3148 ‚
866 3075 972 3136 Clerici
990 3077 1136 3149 ,Domitii
1152 3081 1222 3141 Cal·
1337 3099 1342 3105 ·

158 3159 249 3239 derini
265 3187 295 3237 et
309 3174 378 3236 Jod.
396 3173 486 3234 Badii.
508 3175 544 3232 ln
561 3173 638 3232 fine:
655 3200 669 3225 u
689 3173 782 3256 Hujus
801 3174 918 3256 preclari
933 3175 1026 3251 operis
1042 3175 1116 3236 finis.
1140 3179 1219 3262 Lug-

79 3340 82 3346 ,
158 3277 238 3350 duni,
251 3275 381 3358 impressi
391 3295 441 3356 per
449 3274 612 3333 Johunnem
626 3272 770 3346 Thomas,
786 3273 920 3350 impensis
933 3272 1046 3334 disereti
1056 3276 1108 3336 viri
1120 3278 1219 3360 Steph.
1249 3322 1255 3329 ·

163 3373 331 3452 Gueynurd,
344 3374 408 3435 alius
420 3373 515 3433 Pineli
529 3372 692 3450 Bibliopole
709 3384 739 3432 et
750 3373 818 3433 civis
829 3371 932 3452 presule
944 3373 1063 3435 civilatis
1075 3376 1218 3458 Lugduni.

158 3472 247 3531 Anno
263 3484 360 3533 nostre
376 3472 474 3534 salutis
496 3471 649 3533 millesimo
667 3470 895 3553 quingentesimo
911 3472 1013 3545 xm,
1040 3487 1140 3536 oeluvo
1157 3474 1219 3533 Ku-

156 3572 251 3633 lendus
266 3573 446 3635 Nouembris.
456 3602 471 3627 n
488 3572 757 3660 in-lol.·7·Panuer‚
774 3582 844 3631 lom.
861 3573 947 3644 VII,
967 3595 1031 3656 pug-
1049 3571 1118 3644 304.

196 3678 356 3740 Heroidum
374 3681 522 3756 Epistulae.
539 3681 657 3753 Κοπια,
676 3679 754 3760 apud
760 3681 896 3739 Sanctum
910 3680 1046 3740 Tbumum
1063 3682 1092 3737 in
1109 3681 1218 3756 regione

155 3780 310 3850 Potionis,
336 3799 389 3856 per
404 3780 574 3858 Stephanum
601 3778 750 3838 Gw'llinti.
779 3775 870 3850 iri-4⁰.
896 3803 918 3839 s.
936 3801 1012 3839 3.-
1029 3777 1093 3836 Cae.
1111 3777 1148 3836 du
1161 3777 1216 3837 duc

154 3879 228 3938 delu
245 3878 387 3948 Vaelium,
405 3888 476 3938 tom.
493 3882 542 3953 ll,
559 3902 622 3963 pag.
638 3877 688 3963 95.

195 3982 461 4060 Metamorphoseos
477 3981 543 4043 libri
556 3985 707 4046 moralizau
724 4006 788 4045 enm
799 3984 995 4068 pulcherrimis
1009 3983 1063 4043 lab.
1073 3983 1217 4063 principu—

154 4081 223 4142 lium
239 4081 354 4164 figuris,
370 4091 399 4142 et
410 4101 474 4142 cum
493 4081 633 4143 Lucunui
646 4081 779 4145 firmiani
797 4083 885 4146 Coelii
905 4084 937 4143 in
955 4081 1079 4166 singulus
1101 4078 1217 4143 Fabulae
