2768 4694
669 365 792 436 IBIS.
839 411 842 415 -
1241 368 1261 431 5

196 514 305 610 Quam
321 510 405 585 mihi
423 508 466 584 sit
482 526 592 584 tecum
610 508 747 610 positis,
763 534 836 608 qua
853 505 1048 595 sumsimus,
1065 507 1167 581 armis

243 627 372 712 Gratia,
390 623 598 713 commissis,
614 624 787 724 improbe,
805 638 902 722 rupta
921 621 1010 694 tuis:
1231 640 1265 710 4ο

195 741 304 839 Quam
318 739 416 815 dolor
427 739 482 813 hic
496 767 644 840 uuquam
661 737 772 838 spatio
789 763 977 810 evanescere
990 736 1126 837 possit,

242 854 359 930 Leniat
372 872 433 928 aut
451 853 565 928 odium
582 870 715 953 tempus
733 869 767 925 et
781 851 865 924 hora
881 851 1010 924 meum!

195 971 262 1045 Pax
277 972 341 1046 erit
356 970 427 1044 haec
443 970 561 1057 nobis,
582 969 688 1042 donec
704 967 787 1039 mihi
802 967 869 1039 vita
887 965 1051 1054 manebit,

243 1085 327 1158 Cum
343 1111 464 1184 pecore
477 1081 608 1155 infirmo
626 1109 699 1182 quae
716 1077 802 1153 solet
817 1107 888 1153 esse
905 1078 1007 1180 lupis.

195 1202 309 1276 Prima
325 1201 460 1302 quidem
478 1217 585 1301 coepto
602 1197 802 1272 committam
821 1195 931 1298 praelia
948 1225 1066 1271 versu:
1233 1215 1266 1283 45

247 1323 327 1392 Nou
346 1317 473 1392 soleant
491 1317 635 1418 quamvis
652 1317 716 1390 boc
734 1315 818 1416 pede
834 1313 921 1389 bella
937 1314 1016 1411 geri.

202 1436 313 1534 thue
327 1434 415 1534 petit
428 1435 537 1534 primo
554 1432 691 1535 plenum
708 1431 856 1505 flaventis
873 1459 977 1505 meuae

246 1550 401 1624 Nondum
420 1549 550 1622 calfacti
567 1546 676 1622 velitis
691 1547 787 1621 hasta
802 1546 928 1634 solum;

198 1667 251 1740 Sic
267 1696 328 1762 ego
346 1683 378 1740 te
395 1665 484 1739 ferro
501 1666 652 1738 noudum
667 1663 838 1763 jaculabor
855 1681 973 1751 acuto,

247 1783 406 1856 Protinus
420 1781 566 1856 inrisum
582 1808 643 1854 uec
661 1797 751 1882 petet
764 1781 859 1856 hasta
877 1797 986 1881 capnt.

200 1898 245 1970 Et
259 1927 367 1998 neque
379 1924 500 1972 nomen
518 1896 554 1970 iu
569 1897 654 1985 hoc,
672 1925 732 1970 uec
749 1897 854 1972 dicam
869 1895 955 1971 lacta
969 1893 1103 1985 libello;

247 2014 361 2114 Teque
376 2014 485 2102 brevi,
503 2014 561 2114 qui
578 2013 640 2101 sis,
659 2011 864 2088 dissimulare
881 2012 997 2088 sinam.

200 2128 399 2217 Postmodo,
418 2131 446 2205 si
464 2158 598 2230 perges,
618 2129 652 2202 iu
667 2147 699 2204 te
716 2128 798 2203 mibi
813 2129 899 2203 liber
912 2128 1042 2204 iambus

247 2245 365 2321 Tincta
381 2245 567 2348 Lycambeo
586 2245 745 2342 sauguine
762 2244 826 2318 tela
842 2244 943 2320 dabit.

199 2362 317 2452 Nunc,
335 2391 401 2464 quo
418 2362 590 2438 Battiades
605 2361 774 2447 inimicum
791 2360 926 2435 devovet
940 2360 1039 2448 lbiu,
1233 2380 1266 2432 55

200 2523 288 2579 Jureti
311 2524 398 2590 libro,
419 2533 447 2578 et
466 2523 581 2592 quinque
598 2533 644 2577 aut
662 2541 707 2576 sex
754 2522 825 2575 Nota
839 2521 948 2575 iambica
964 2518 1128 2573 mordacitas.
1142 2516 1265 2571 Archilo-

202 2601 261 2656 aliis.
277 2603 378 2656 Hnrrts.
754 2599 833 2653 chum
843 2600 959 2668 primum
968 2597 1062 2651 iambis
1070 2616 1147 2650 usum
1159 2595 1265 2649 volunt:

232 2683 273 2746 4ο.
295 2682 452 2732 Comissis.
476 2679 622 2731 Prosaen'lrs
643 2676 709 2729 alter
757 2688 788 2731 ut
801 2678 895 2730 Horat.
910 2675 943 2729 de
964 2676 1028 2729 Arte
1046 2675 1119 2728 Poet.
1137 2694 1203 2728 vers.
1221 2693 1268 2747 79:

202 2759 361 2811 Puteaueus.
373 2759 438 2811 Post
450 2756 523 2809 huuc
535 2773 637 2809 versum
649 2754 710 2823 plu·
758 2775 772 2800 α
780 2752 967 2808 Archilochum
975 2753 1081 2822 proprio
1092 2751 1177 2805 rabies
1185 2769 1268 2803 arma·

207 2836 280 2888 rima
302 2836 427 2890 editiones
448 2845 477 2888 et
496 2835 584 2904 scripti
604 2835 710 2887 insere-
757 2831 794 2884 vit
806 2831 911 2894 iambo,
927 2841 976 2884 etc.
990 2852 1003 2878 u
1016 2832 1165 2904 Lycamben
1175 2829 1265 2897 enim,

205 2913 271 2965 hant
281 2910 421 2979 distichon,
431 2912 502 2982 quod
515 2911 631 2964 obcurrit
642 2911 711 2965 inl'ra
757 2929 878 2964 socerum
884 2929 976 2976 suum,
986 2930 1059 2980 aquo
1066 2909 1268 2980 miuusdcspou·

204 3010 240 3044 vs.
258 2991 303 3043 133
316 3009 322 3042 :
338 3000 367 3043 et
376 2989 495 3060 Micyllus
507 2987 711 3043 uotatbicdisti-
758 3001 820 3045 sate
832 2989 892 3044 filie
905 2991 1000 3060 nuptiis
1012 2990 1065 3043 frui
1076 3000 1180 3059 posset,
1193 2990 1268 3044 viru-

204 3068 251 3123 cha
262 3067 316 3121 duo
326 3066 415 3121 omitti
426 3067 452 3120 iu
465 3067 519 3122 aliis
527 3065 666 3121 codicibus.
756 3067 834 3122 lentis
841 3079 868 3123 et
874 3068 1123 3124 maledicentissimis
1128 3068 1265 3138 poematiis

236 3146 275 3211 43.
292 3148 351 3199 Pax
368 3152 417 3200 err't
428 3149 480 3200 bec
494 3150 569 3199 nobis
583 3154 631 3199 etc.
646 3146 708 3199 Non
757 3146 789 3199 ad
800 3147 906 3216 laqueos
917 3146 1011 3217 adegit.
1022 3148 1138 3202 Dsssm.

205 3224 326 3278 dissimile
345 3223 410 3277 illud
427 3225 511 3279 Flacci
524 3262 532 3290 ,
553 3222 635 3292 Epod.
648 3223 708 3291 lv,
791 3229 830 3280 55.
842 3227 984 3279 Battiades.
997 3224 1191 3294 Callimachus,
1204 3228 1266 3298 quia

205 3322 240 3356 vs.
253 3323 262 3356 ι
277 3321 307 3354 :u
323 3302 402 3371 Lupis
414 3312 441 3355 et
454 3301 527 3368 aguis
541 3310 637 3368 quanta
651 3319 710 3354 sor-
759 3308 805 3363 vlo'c
820 3306 906 3359 Βάττου
920 3313 961 3359 καὶ
973 3307 1113 3373 Masicytus,
1132 3316 1162 3359 ut
1179 3316 1218 3361 est
1236 3306 1267 3359 iu

205 3379 253 3434 tito
264 3380 375 3449 obtigit,
392 3380 495 3433 Tecum
506 3374 571 3431 mihi
582 3376 710 3432 discordia
758 3371 847 3436 Suida.
860 3383 913 3436 Alii
924 3403 939 3436 a
952 3383 1032 3437 Batto
1046 3404 1124 3455 rege,
1146 3384 1266 3458 Cyrenes

205 3471 272 3514 est.»
285 3460 402 3514 nescu.
758 3461 912 3530 conditore,
933 3462 969 3516 ita
980 3474 1102 3517 vocatum
1115 3464 1224 3532 volunt,
1240 3476 1268 3517 et

233 3541 275 3605 45.
288 3541 382 3605 Capto.
394 3537 519 3606 Coeptum
532 3557 637 3592 versum
646 3537 710 3591 sim·
760 3536 928 3611 Cyrenenses
938 3559 1030 3594 omues
1036 3543 1172 3595 Battr'ades
1177 3540 1269 3595 dictos.

203 3616 304 3685 pliciter
325 3616 440 3686 intellige
456 3656 464 3682 ,
489 3637 542 3686 quo
560 3618 638 3685 coepit
655 3615 710 3669 bac
757 3617 1271 3687 -IbiraApolloniumllhodium.-Iaes'·

203 3695 314 3748 scribere
327 3695 355 3746 in
368 3694 445 3760 lbiu,
459 3695 507 3748 hoc
515 3705 569 3760 est,
581 3694 710 3764 Elegiaco.
758 3701 855 3748 mr'cum.
863 3696 932 3748 Nam
939 3716 1022 3766 quum
1030 3697 1121 3753 luisset
1130 3696 1269 3765 discipulus

239 3773 275 3836 46.
290 3774 348 3825 Hoc
358 3777 430 3839 pede.
450 3773 518 3826 Nam
535 3784 621 3826 metro
638 3773 711 3825 iam-
760 3770 929 3840 Callimachi,
945 3774 1048 3840 multa,
1066 3793 1124 3844 qua
1141 3792 1155 3825 a
1171 3791 1280 3842 prtece·¹

210 3843 265 3897 bito
276 3850 410 3904 maledicta
421 3851 579 3903 scribuntur.
665 3896 667 3900 Α
759 3860 833 3918 ptore
845 3863 998 3920 acceperat,
1017 3871 1066 3921 pro
1082 3851 1134 3903 suis
1152 3860 1271 3906 ostenta-

245 3925 283 3987 48.
294 3928 494 3981 Velitisvelites
502 3928 564 3981 levis
572 3937 711 3981 armature
758 3930 1269 3987 bat.Dum-Berusellbe'uNousolum

208 4009 237 4053 et
250 4001 357 4068 expediti
369 4026 375 4058 :
387 4005 446 4058 vide
459 4006 578 4059 Turneb.
589 4008 640 4074 48,
655 4004 712 4059 Ad·
759 4021 868 4080 propter
881 4009 1059 4080 impuritatem
1074 4020 1100 4063 et
1116 4012 1269 4080 spurcitiem

207 4098 275 4132 vers.
286 4078 324 4130 lib
334 4079 405 4150 xw,
418 4103 471 4152 cap.
488 4106 525 4137 rr.
536 4085 610 4139 Dxrr.
760 4086 1043 4158 ipsiussiguifieaudam
1051 4126 1059 4152 ,
1068 4088 1125 4144 lhiu
1133 4089 1183 4143 dici
1193 4101 1271 4160 puto:

239 4160 279 4224 54.
289 4158 711 4233 Ilhctslycudeosaapr'neetc.
759 4165 805 4219 sed
823 4175 850 4219 et
864 4165 926 4233 quia
938 4163 1076 4236 AEgyptius
1090 4179 1157 4225 esset
1170 4169 1273 4236 patria,
