2768 4694
152 320 219 406 nst
478 309 879 381 nnnrcnmouns

153 463 266 558 Quum
280 455 366 530 enim
380 452 492 555 pneris
510 451 613 547 (lieet
629 478 647 522 a
665 447 787 523 fabulis
798 475 872 523 cum
885 443 1004 549 priscis
1018 442 1089 521 illis
1107 464 1222 523 aueto-

152 579 246 654 ribus
259 570 483 674 incipiendum
495 597 564 645 esse
578 567 757 660 sentiam),
771 564 883 639 latinis
897 561 1002 638 literis
1015 590 1159 665 operam
1169 566 1222 643 da·

152 692 254 777 turis,
267 689 302 761 in
312 688 386 789 ipso
395 685 507 760 limine
516 684 637 785 exponi
651 680 756 756 solita
769 680 852 768 sint,
864 677 933 752 leve
942 676 1102 778 quiddam
1114 706 1156 754 ae
1166 708 1222 754 nu·

154 806 319 906 gatorinm
336 831 406 879 esse
418 801 520 898 vulgo
533 799 770 875 existimantur.
790 799 829 869 ln
842 821 950 869 errore
960 792 1040 868 buin
1051 794 1221 871 simillimo

155 927 177 1000 ii
193 926 291 1000 etiam
308 937 499 1006 versantur,
519 917 577 1020 qui
596 913 716 1015 AEsopi
733 909 879 1000 labulas,
896 937 981 1012 opus
997 936 1076 984 sane
1086 910 1225 1009 elegan-

156 1039 339 1124 tissimum,
358 1034 501 1122 nullius,
519 1049 577 1107 aut
591 1031 683 1133 parvi
699 1028 875 1121 admodum
897 1026 1058 1101 momenti
1071 1054 1144 1102 esse
1160 1056 1220 1128 pu·

157 1172 247 1241 tent,
267 1150 356 1253 quod
374 1151 454 1224 item
473 1150 606 1249 pueris,
625 1146 681 1246 qui
701 1144 824 1219 Graeeis
838 1141 941 1217 literis
955 1142 1110 1217 tradendi
1125 1164 1221 1232 sunt,

158 1268 382 1369 explanantur.
398 1264 492 1360 Quas
507 1280 614 1337 tamen
632 1289 651 1334 a
669 1259 805 1334 Platone
827 1277 860 1333 et
871 1256 1070 1346 Aristotele.
1090 1259 1222 1336 duobus

158 1403 193 1461 et
203 1381 363 1484 loquendi
374 1399 407 1455 et
419 1376 755 1474 sentiendimagistris
765 1374 1033 1478 preclarissimis,
1044 1377 1105 1477 qui
1115 1405 1222 1459 earnm

161 1495 358 1573 testimoniis
371 1491 634 1595 frequentissime
644 1507 794 1578 utuntur,
807 1487 944 1590 plurimi
954 1488 1059 1563 factas
1073 1517 1148 1579 esse
1160 1518 1224 1565 oer-

161 1631 230 1687 tum
248 1630 347 1712 atque
365 1609 572 1712 exploratum
589 1624 713 1680 est.

218 1879 389 1967 GUID.
423 1878 803 1965 MORILLONII
831 1873 1169 1960 DEDICATIO

359 2071 424 2131 an
445 2067 714 2132 nrrsroeas
734 2053 1031 2137 nunninus,

565 2241 726 2281 ceammuo
736 2242 818 2292 emo,

287 2354 581 2424 FRANCISCO
605 2358 635 2420 A
660 2354 1104 2422 CAMPOGIRALDO.

216 2524 379 2596 VETERES
392 2518 462 2609 illi,
482 2548 624 2622 quorum
640 2518 817 2593 auctoritas
834 2546 907 2591 cnm
924 2518 1087 2619 sapientia
1104 2520 1149 2594 ad
1162 2520 1228 2595 bae

170 2654 392 2737 nostramque
401 2651 548 2737 tempora
560 2650 788 2735 provectam,
802 2632 974 2705 Francisee
985 2630 1151 2707 nobilium
1161 2662 1230 2709 eru-

171 2753 350 2840 ditissime,
369 2780 438 2824 non
456 2751 564 2826 minus
581 2750 677 2824 docte
695 2777 794 2850 qnam
812 2747 976 2842 eleganter
991 2765 1057 2822 tres
1075 2749 1231 2836 Gratias,

173 2894 253 2966 quas
270 2866 373 2941 Graeci
387 2865 508 2964 Χάριτας
523 2882 657 2952 vocant,
679 2867 725 2939 ita
739 2864 978 2965 depingebant,
992 2882 1032 2938 ut
1042 2894 1108 2940 una
1120 2894 1233 2940 earum

170 2980 271 3056 veluti
289 3012 308 3055 a
324 2980 421 3055 nobis
437 2979 604 3082 profecta,
623 3010 765 3056 aversam
789 2981 902 3055 faeiem
930 2999 1072 3069 teneret,
1098 2981 1234 3082 relique

169 3126 247 3172 vero
256 3099 327 3173 dne
336 3126 398 3172 nos
407 3097 621 3199 adspicerent.
637 3101 717 3196 Quo
730 3099 863 3200 quidem
878 3098 1029 3199 exemplo
1043 3126 1233 3187 monemur,

172 3214 298 3313 accepti
314 3212 464 3287 beneficii
479 3241 648 3313 nunquam
665 3215 869 3288 immemores
879 3241 949 3287 esse
963 3212 1101 3287 debere:
1116 3241 1235 3289 verum

173 3327 254 3402 illud
277 3328 389 3430 aliquo
413 3359 488 3406 eum
511 3331 633 3407 fouere
653 3330 842 3431 rependere.
873 3333 947 3426 Ego
973 3332 1084 3432 itaque
1107 3332 1237 3432 priseos

174 3440 447 3530 aemulabnndus‚
474 3472 576 3544 quum
599 3443 829 3520 attentiuseule
859 3471 987 3518 mecum
1012 3445 1236 3545 pensitarem,

175 3576 333 3659 quantum
352 3559 388 3633 in
402 3589 453 3635 me
463 3578 527 3645 ,tua
543 3561 729 3659 benignitas
741 3562 956 3653 contulisset,
975 3592 1018 3637 ne
1031 3564 1064 3637 id
1077 3564 1112 3637 in
1125 3563 1238 3659 ingra-

177 3689 246 3746 tum
259 3672 435 3774 projecisse
451 3672 605 3762 videaris,
620 3676 737 3772 exigua
752 3679 1035 3777 compensatione,
1051 3696 1112 3752 aut
1124 3676 1240 3753 saltem

175 3788 287 3890 aliquo
311 3807 506 3887 argumento
522 3792 666 3868 animum
683 3809 853 3881 nostrum,
879 3794 945 3868 tuis
960 3792 1131 3867 benefieiis
1149 3817 1239 3894 pane

178 3902 335 3981 obmtum
352 3904 514 3981 tantillum
528 3906 632 3984 levare
646 3908 813 3983 constitui.
829 3911 957 3985 ldcirco
969 3939 1072 4010 quum
1086 3909 1242 4010 superio-

183 4016 276 4093 ribus
287 4019 405 4095 diebus
416 4049 435 4094 a
448 4018 692 4098 dialecticorum
707 4024 878 4100 meandris
890 4042 1032 4100 mentem
1044 4022 1240 4103 relaxarem·
