2768 4694
482 159 577 226 run
600 160 633 225 1.
661 158 886 228 nasson.
1075 226 1078 233 ,
1151 163 1212 259 ιδ,

156 331 176 368 s
195 298 314 402 populi
326 297 471 395 teregit,
483 315 545 372 eto.
562 330 581 365 u
597 297 724 373 Eodem
735 299 929 397 ctiamjure,
951 332 969 365 α
984 301 1128 400 equitum
1142 320 1214 378 tur·

158 451 176 482 n
195 415 463 518 mbeqnenter
471 415 682 509 recognovit,
701 431 780 514 post
794 413 927 509 longam
939 414 1213 517 intercapedinem

156 568 176 601 a
195 534 331 611 reducto
353 560 446 607 nore
466 531 728 605 transvectionis.
747 532 814 605 Sed
830 559 935 632 neque
952 532 1079 633 detrahi
1097 564 1212 635 qnenr

157 685 176 720 a
198 681 290 753 qnam
308 651 344 725 in
360 647 603 729 mansaebendo
621 648 662 720 ab
681 666 868 722 accusatore
893 676 1011 748 passus
1034 668 1104 736 θεῖς
1123 653 1218 753 quod

155 802 175 835 o
192 767 262 843 beri
276 764 431 841 solebat:
448 781 485 865 et
497 763 590 836 senio
601 761 652 836 vel
660 760 767 863 aliqua
781 764 930 863 corporis
943 761 1016 838 labe
1024 765 1215 861 insignibus

154 915 174 950 o
192 879 549 985 permisit,·premisso
563 877 598 951 in
623 878 738 951 ordine
755 907 863 978 equo,
883 878 926 950 ad
952 881 1216 980 respondendum

156 1035 174 1066 a
193 1000 327 1101 quotics
349 998 550 1084 einrmtnr,
569 995 713 1096 pedibus
736 996 865 1083 uenire,
886 1013 947 1070 etc.
971 1007 1019 1062 ¹»
1049 1026 1120 1098 quae
1143 1028 1214 1074 non

154 1145 273 1219 parum
290 1114 437 1190 Nasonis
451 1114 573 1200 locum,
593 1141 691 1214 quem
715 1131 908 1200 tractamus,
927 1113 1116 1203 illustrant,
1144 1145 1212 1192 non

158 1259 257 1306 secus
277 1259 316 1306 ae
331 1259 407 1332 que
426 1229 508 1304 idem
527 1229 707 1304 Suetonius
732 1228 823 1303 addit
843 1260 852 1302 :
877 1263 895 1294 «
921 1230 1168 1332 impetratisque
1195 1263 1213 1309 a

162 1378 181 1410 »
200 1363 315 1420 senatu
337 1345 446 1422 decem
465 1345 689 1444 adjutoribus,
709 1373 976 1446 unumquemque
992 1348 1139 1446 equiturn
1155 1376 1211 1421 ra·

160 1495 179 1527 »
199 1462 322 1537 donem
340 1462 414 1536 vita
428 1460 562 1535 reddere
583 1462 714 1556 coegit:
733 1480 831 1562 atque
847 1491 885 1537 ex
906 1462 1102 1562 improbatis
1129 1463 1213 1539 alios

159 1614 177 1645 a
192 1606 310 1681 prena,
324 1577 410 1654 alios
425 1579 607 1675 ignominia
621 1579 762 1666 notavit,
780 1597 841 1655 etc.
863 1613 880 1644 u
900 1608 972 1680 qun
985 1580 1115 1654 videsis.

201 1696 264 1768 111.
280 1693 433 1790 Singulas
446 1722 549 1795 porro
560 1695 666 1781 vices,
683 1696 805 1795 quibus
823 1695 969 1796 equitnm
986 1715 1109 1771 turmas
1126 1698 1212 1798 ipse-

157 1828 222 1886 met
238 1811 412 1906 Augustus
425 1811 667 1905 recognoverit,
681 1809 831 1898 definire,
842 1809 1015 1885 silentibus
1027 1812 1208 1901 historicis,

159 1925 254 1998 nobis
271 1952 339 1997 non
356 1922 444 1996 licet.
461 1925 582 1996 Vernus
603 1941 638 1994 et
659 1922 723 1996 boc
740 1952 826 1998 anno
843 1924 879 1997 id
895 1943 1084 2025 peractum,
1109 1956 1210 2026 quum

159 2037 255 2110 modo
276 2040 403 2110 Noster
423 2063 525 2112 suam.
538 2038 650 2111 Artem
668 2034 832 2121 ediderat,
851 2064 888 2109 er
906 2039 975 2134 ejus
991 2040 1099 2113 verbis
1118 2039 1211 2113 colli-

161 2177 230 2244 gere
248 2149 299 2225 sas
322 2167 383 2224 est.
407 2147 507 2221 Haud
524 2146 620 2243 louge
640 2146 755 2222 saltem
776 2148 818 2220 ab
845 2149 908 2221 boc
935 2169 1080 2252 tempore
1101 2181 1210 2226 remo-

161 2266 260 2340 venda
275 2285 325 2341 est
345 2263 525 2339 novissima
546 2281 622 2364 post
641 2263 786 2337 eamdem
798 2266 914 2337 Artem
924 2267 1042 2341 editam
1056 2267 1140 2341 sacta
1153 2297 1211 2342 re·

166 2382 319 2476 cognitio,
336 2409 402 2481 qna
423 2407 537 2452 rursus
557 2381 644 2452 Naso
667 2380 828 2481 probatus
846 2379 888 2452 ab
914 2386 1067 2478 Augusto
1095 2383 1212 2461 delicta

165 2514 294 2571 notante
312 2495 384 2571 tuit
408 2498 490 2593 Quo
509 2494 602 2568 etiam
628 2514 754 2596 spectat
779 2496 923 2595 ejusdem
947 2498 1047 2571 Trist.
1075 2496 1133 2571 lib.
1152 2502 1210 2589 lt,

165 2611 436 2712 versdpetqo:

322 2782 372 2850 At,
386 2783 509 2850 memini,
520 2783 654 2850 vitantque
665 2800 752 2834 meam
763 2802 900 2853 moresque
912 2783 1039 2853 probabas

353 2873 417 2941 tto,
428 2892 506 2944 quern
518 2873 643 2937 dederas,
656 2875 833 2942 pretereuntis
844 2892 920 2944 equo.

559 3014 817 3037 «m

336 3188 422 3250 Anno
433 3185 467 3241 (2.
479 3203 505 3249 1;
519 3186 556 3240 U.
569 3183 600 3239 C.
610 3199 726 3250 necem
738 3183 829 3239 Ovidii
840 3200 907 3239 xmu
919 3196 947 3239 et
959 3202 1030 3240 xutv.

248 3348 281 3403 C.
300 3344 464 3402 CAESARE
481 3343 570 3399 AUG.
587 3343 617 3400 F.
634 3346 664 3399 L.
683 3343 829 3399 AEntttto
848 3346 998 3402 PAULLO
1016 3346 1118 3403 COSS.

210 3505 239 3575 l.
250 3504 373 3594 Catule
386 3503 583 3591 Cflsntttttt,
600 3501 640 3574 de
655 3530 721 3601 quo
737 3519 835 3602 poeta
848 3521 961 3579 noster
970 3503 1005 3576 in
1020 3504 1101 3579 Arte
1117 3504 1216 3574 Ama-

170 3618 252 3693 toria
267 3621 374 3707 canit,
391 3647 447 3697 oen
466 3622 507 3696 ad
523 3619 700 3694 Parthicum
715 3620 953 3720 expeditionem
970 3650 1004 3695 se
1016 3620 1217 3712 accingente,

170 3735 234 3810 boc
252 3763 340 3809 anno
356 3736 522 3813 consulatu
539 3735 725 3812 decoratum
748 3734 866 3824 fnisse,
883 3737 960 3814 dum
978 3734 1150 3832 ultrofiues
1165 3759 1221 3805 ex-

199 3912 207 3941 ¹
227 3907 339 3962 Sueton.
351 3905 380 3959 in
394 3906 457 3978 Aug.
467 3927 523 3978 cap.
532 3909 571 3963 st.
