2768 4694
160 351 221 434 154
492 351 530 414 ν.
559 347 894 416 ov1o11vrra

318 487 365 542 Est
375 486 442 542 mihi
455 487 572 558 (sitque,
584 505 693 557 precor,
707 485 802 540 nostris
813 481 964 538 diuturnior
976 483 1071 548 anuis)
1163 519 1166 522 -

319 577 459 738 lllilllelgo
468 615 552 736 lpuum
563 665 657 720 vellem
667 683 757 734 penem
768 663 848 729 ‹lare3
862 673 981 733 tempora
992 661 1067 718 sedis

347 758 417 828 Apta
428 757 596 827 requirebam
605 754 736 826 {queque
748 754 863 809 cavenda
874 753 971 807 loreot.

315 850 387 903 Tum
400 847 464 905 mihi
477 859 534 919 post
545 866 628 902 carras
638 857 800 901 monstratur
810 848 904 900 Jnr'as
915 848 972 900 uus

348 940 465 996 Utiliset
476 941 579 1011 nuptis,
590 940 661 995 utilis
672 959 727 993 esse
745 938 813 992 viris.

316 1031 460 1101 Primaque
471 1051 530 1100 para
544 1031 622 1099 hujus
634 1028 754 1086 thalamis
766 1029 849 1083 aliena
860 1038 966 1098 reperta
976 1037 1031 1092 αἱς

348 1123 418 1177 Nam
431 1121 496 1176 mihi
507 1123 543 1177 aie
555 1124 650 1190 coelica
660 1133 748 1178 sancta
757 1119 839 1175 Dialia
850 1122 903 1186 ait,
915 1130 964 1174 etc.

155 1269 227 1342 quse
242 1241 270 1313 si
286 1240 445 1314 historica
461 1238 526 1312 liele
546 1239 671 1314 fuerim
693 1238 799 1327 dicta,
816 1239 895 1312 hinc
913 1237 1124 1314 manifestum
1138 1241 1219 1329 erit,

153 1355 297 1430 Nasonis
314 1348 414 1427 filiam
433 1354 522 1428 haud
538 1373 613 1429 aute
630 1355 720 1431 hunc
735 1382 859 1429 aunum
871 1380 984 1455 genero
1000 1353 1109 1430 mum
1129 1384 1221 1446 esse;

155 1499 228 1572 quae
246 1489 354 1545 tamen
364 1469 467 1568 prim
475 1470 602 1571 juventu
618 1469 671 1546 bis
689 1470 869 1558 Ovidium,

315 1615 369 1671 sed
380 1635 436 1672 uon
449 1635 481 1671 er
492 1634 549 1672 ooo
558 1618 671 1688 conjoge
681 1617 746 1672 lecit
757 1636 836 1673 uum
849 1658 857 1680 .

155 1762 258 1847 prout
272 1746 395 1820 Noster
407 1746 513 1820 hahet
526 1745 629 1821 Trist
644 1743 704 1820 lssr.
719 1747 780 1835 IV,
792 1744 885 1842 Eleg.
902 1766 939 1835 x,
956 1772 1039 1821 vers.
1056 1743 1100 1849 75
1114 1763 1147 1820 et
1158 1743 1217 1846 76.

557 1920 817 1942 mm

318 2086 400 2141 Anno
413 2083 474 2141 ante
486 2085 519 2140 C.
532 2103 570 2148 113
584 2088 620 2141 U.
631 2084 663 2140 C.
672 2101 783 2150 ncct113
796 2086 888 2142 Ovidii
901 2103 947 2142 m
958 2098 986 2142 et
997 2102 1065 2143 xm.

172 2225 205 2280 c.
218 2225 378 2280 cesana
391 2225 574 2281 aucusro
587 2226 669 2292 xm,
688 2225 728 2281 M.
741 2212 909 2282 resumo
922 2226 1088 2284 suvauo
1101 2227 1204 2286 coss.

203 2370 230 2443 l.
253 2370 383 2445 Arum
397 2370 678 2473 'Auarorriua
698 2370 829 2443 Nasone
852 2371 917 2444 hoc
944 2399 1030 2444 anno
1055 2370 1224 2470 vulgatam

156 2510 245 2572 esse,
263 2481 382 2557 invicte
400 2482 544 2583 primum
561 2480 735 2555 conficitur
750 2511 790 2556 ex
806 2483 1024 2569 Naumachia,
1043 2513 1144 2584 quam
1161 2515 1222 2563 ceu

42 2598 44 2603 ’
155 2618 261 2674 molto
278 2599 472 2674 celebratam
491 2615 649 2673 memorat
663 2594 722 2669 lib.
740 2601 755 2670 l
773 2627 887 2672 avers.
911 2624 996 2698 171:

317 2758 392 2827 Quid
405 2773 498 2823 nouo,
510 2772 593 2825 quum
605 2758 666 2809 belli
677 2759 777 2808 amalis
790 2756 903 2826 imagine
917 2757 1006 2809 Cam

349 2846 469 2903 Persidas
479 2847 597 2913 induxit,
610 2846 802 2917 Cecropiasque
815 2852 823 2881 ¹
835 2841 924 2901 rates?

318 2940 421 3008 Nempe
435 2939 467 2992 ah
479 2948 591 3007 utroque
604 2938 670 2992 man‘
681 2941 804 3009 juvenes,
818 2939 850 2992 ab
863 2949 975 3010 utroque
988 2938 1079 3009 puelle

350 3028 456 3084 Venere
467 3051 474 3094 ;
485 3040 563 3098 atque
576 3029 669 3100 ingens
680 3031 749 3084 orbis
761 3030 788 3084 in
799 3031 864 3084 urhe
877 3031 945 3099 fuir,
959 3043 1007 3086 eto

155 3175 230 3246 lam
248 3201 324 3247 vero
338 3201 376 3247 ex
389 3172 516 3249 Velleio
535 3173 733 3262 '‘norimum
750 3174 851 3250 hoece
867 3176 1078 3250 Naumachia
1092 3193 1221 3276 specta·

157 3282 268 3359 culum
293 3287 358 3360 hoc
382 3317 468 3361 anno
491 3289 533 3364 ab
562 3290 715 3384 Augusto
732 3286 834 3374 luisse
851 3287 979 3376 datum3
1000 3288 1162 3388 siquidem
1181 3291 1223 3365 (le

155 3401 257 3479 Jet'oe
280 3402 479 3498 relegatione
502 3431 603 3498 agens
626 3434 635 3477 ε
661 3437 680 3469 κ
700 3405 766 3491 At,
783 3404 912 3505 inquit,
925 3403 962 3474 in
980 3404 1064 3477 urhe
1080 3429 1120 3474 eo
1143 3404 1222 3502 ipso

159 3552 175 3582 »
197 3544 301 3604 anno,
319 3545 387 3618 quo
407 3517 720 3612 magnificentissimi
739 3516 923 3614 gladiatorii
944 3516 1109 3603 muueris,
1128 3519 1221 3594 Nau-

159 3667 177 3697 »
198 3631 397 3732 machiaeque
414 3631 612 3733 spectaculis
627 3635 732 3709 Divus
755 3636 949 3727 Augustus,
972 3632 1092 3708 abhinc
1112 3662 1221 3711 annos

189 3837 196 3866 ¹
216 3832 296 3886 Unde
308 3829 409 3900 liquet,
422 3841 453 3883 ut
463 3840 490 3885 et
501 3830 556 3887 eliis
566 3833 620 3900 jem
632 3827 842 3887 mimtvenum
859 3841 915 3897 est,
935 3831 1104 3891 Naumachia
1119 3845 1220 3904 specta-
1239 3808 1242 3814 Ι

156 3913 244 3969 culum
258 3925 322 3969 tuac
334 3912 457 3982 temporis
470 3912 501 3965 ah
513 3913 633 3982 Augusto
646 3910 804 3976 exhibitum,
817 3923 1014 3982 representare
1026 3915 1145 3971 navalem
1156 3918 1220 3969 Per·

155 4019 239 4054 sarum
251 4020 312 4056 cum
324 4001 520 4055 Atheniensibus
529 4017 645 4068 pugnam
655 3998 688 4055 ad
696 3995 866 4054 Salaminam.

189 4093 200 4121 ²
217 4091 272 4144 Lib.
285 4090 328 4160 ll,
345 4111 400 4162 cap.
415 4109 469 4144 roo.
