2768 4694
492 365 590 433 PER
614 367 648 432 J.
675 364 896 433 MAssott.
1161 368 1226 434 ¹15

156 504 335 608 terpellare
346 503 561 591 nominibus,
576 531 617 579 ne
631 502 698 578 illis
711 505 877 600 ingratum
894 505 980 579 foret
994 503 1156 594 officim,
1170 523 1229 581 ant

157 637 294 697 nooeret
309 649 319 707 ;
332 617 458 718 (Tetra.
480 616 541 693 lib.
558 620 630 704 ΙΙΙ,
656 616 747 713 Eleg.
767 637 828 703 111,
847 647 929 693 vers.
951 616 1066 691 63-68
1079 648 1088 706 ;
1102 617 1161 695 lib.
1186 622 1228 708 V,

157 738 253 835 Eleg.
280 757 340 825 tx,
363 765 449 812 vers.
469 733 605 828 31-343
626 763 664 810 ex
682 736 794 811 Ponto
809 735 869 810 lib.
887 738 958 823 111,
983 739 1048 837 Ep.
1066 754 1226 823 v1,rers.

160 851 295 949 45-55)
316 851 448 926 tandem
465 851 531 925 hoc
546 877 637 923 anno
657 867 768 950 aperte
789 849 892 950 coepit
908 848 975 924 illis
999 848 1158 950 epistolas
1175 851 1229 925 io-
1339 908 1342 914 .

159 967 317 1055 scribere,
333 996 421 1069 qnos
434 986 474 1041 tv
486 965 584 1054 libri,
598 994 640 1040 ex
652 966 756 1039 Ponto
769 966 804 1039 in
814 966 1045 1041 vetustissimis
1058 966 1229 1042 codicibus

160 1081 255 1162 dicti.
271 1081 552 1182 complectuntur.
582 1081 633 1152 tte
661 1108 804 1179 quornm
828 1078 927 1155 titulo
956 1079 1160 1181 discrepante
1184 1081 1228 1155 ab

161 1195 217 1271 illo
233 1199 363 1300 quioprae
377 1195 547 1296 priorum,
562 1195 610 1269 sic
626 1194 688 1269 lib.
710 1200 747 1282 l,
766 1197 873 1297 Epist.
890 1216 924 1284 Ι,
940 1224 1023 1272 vers.
1048 1197 1177 1272 15-20:

323 1341 463 1408 tarento,
475 1343 591 1412 qumvis
600 1360 656 1396 non
668 1354 707 1396 est
718 1343 871 1398 miserabilis
880 1343 977 1409 indos,

362 1434 424 1488 Noa
433 1433 520 1489 niatu
531 1434 581 1488 boc
591 1433 707 1504 (opere)
717 1434 761 1487 illo
774 1436 862 1501 triste,
873 1435 945 1504 quod
955 1446 1016 1490 ante
1028 1434 1097 1489 dedi.

326 1525 414 1580 Rebus
424 1524 494 1579 idem
503 1564 512 1592 ,
521 1528 596 1584 tetulo
607 1524 713 1594 differt:
725 1537 752 1579 et
764 1525 880 1595 Epistola
891 1527 933 1580 cui
944 1526 977 1580 sit
1131 1526 1135 1535 '

355 1616 418 1673 Non
429 1616 558 1673 occultato
570 1617 678 1669 nomine
690 1617 767 1670 missa
778 1617 870 1682 docet,
883 1627 931 1672 eto

165 1736 282 1838 quibus
292 1734 411 1813 addere
424 1732 521 1810 lubet
534 1734 633 1809 hasce
647 1732 805 1837 epistolas
817 1735 931 1812 ordine
947 1737 1103 1838 temporis
1122 1737 1225 1812 editas

164 1880 224 1925 non
237 1878 331 1940 esse,
353 1851 498 1952 ipsomet
511 1847 656 1938 latente,
676 1848 734 1923 lib.
749 1851 818 1939 lll,
836 1853 900 1952 Ep.
920 1869 975 1939 lx,
992 1880 1073 1926 vers.
1092 1848 1201 1925 51-53
1218 1884 1226 1927 :

321 1999 377 2055 Nec
385 1996 453 2054 liber
463 2008 494 2054 nt
504 1998 596 2066 fieret,
611 1997 658 2053 sed
669 1997 709 2050 uti
719 2017 765 2051 sna
775 1997 867 2068 coique
880 1997 987 2052 daretur

352 2090 456 2158 litera,
472 2091 634 2160 propositum
645 2107 760 2159 curaque
771 2100 860 2144 nostra
871 2089 936 2144 luit:

320 2181 467 2237 Postmodo
478 2181 607 2246 collectas,
622 2191 765 2251 utcumque
778 2182 835 2236 aine
847 2181 954 2250 ordine,
968 2183 1049 2251 iunxi.

206 2299 356 2374 Primum
374 2299 507 2399 quidem
523 2297 647 2374 librum
665 2301 772 2375 Bruto
787 2300 1030 2391 transmittens,
1045 2303 1090 2376 ait
1106 2302 1168 2402 Ep.
1185 2321 1197 2375 1
1214 2333 1222 2374 ε

321 2447 392 2500 Naso
403 2445 551 2498 Tomitana
562 2445 616 2513 jam
626 2466 675 2500 ron
688 2466 766 2501 nouus
778 2444 863 2499 incola
874 2455 951 2500 terro

357 2537 418 2590 Hoc
429 2535 476 2589 tibi
488 2535 520 2589 de
533 2534 626 2590 Getico
637 2535 711 2592 litore
726 2538 808 2591 mittit
821 2556 894 2606 opus.

163 2664 318 2736 Attamen
335 2663 442 2763 Epist.
464 2682 492 2736 11
511 2661 616 2735 fabio
632 2662 797 2749 Maximo,
817 2661 950 2766 hyemem
966 2660 1066 2736 modo
1083 2676 1219 2764 quartam

163 2778 268 2854 exsilii
282 2795 459 2865 memorat,
475 2805 555 2851 vers.
579 2802 622 2877 27
640 2794 674 2851 et
692 2780 755 2853 28:
834 2807 847 2818 ·

329 2925 437 2980 Hieme
449 2935 611 2995 pugnantem
623 2942 684 2979 cnm
693 2923 804 2996 frigore,
815 2897 929 2995 dumque
943 2924 1058 2997 sagittis,

357 3015 480 3088 Cumque
493 3036 553 3071 meo
564 3017 636 3084 lato,
647 3023 738 3084 quarta
746 3015 833 3086 fatigat
844 3021 938 3088 hyems.

164 3167 257 3251 atque
280 3148 345 3248 Ep.
370 3164 438 3219 vlu
454 3124 632 3219 muro
650 3140 764 3217 itidem
780 3142 919 3243 'quartum
939 3143 1005 3242 jam
1026 3142 1145 3219 initum
1167 3142 1220 3216 in-

165 3262 263 3353 dicat,
282 3289 364 3336 vers.
383 3286 427 3360 27
446 3276 480 3332 et
497 3257 546 3330 28
562 3288 569 3331 :

321 3409 360 3464 Ut
370 3425 449 3462 camo
460 3405 535 3460 vobis
546 3403 648 3476 stygin
660 3402 819 3457 &unuin
831 3420 904 3466 oras,

356 3502 470 3567 θυίων
479 3507 614 3552 autrum
625 3493 710 3549 Pleias
721 3503 779 3547 orta
790 3492 857 3547 lecit

168 3623 285 3728 quibos
301 3624 438 3722 hujusce
453 3622 532 3699 anni
545 3638 708 3696 rotmanos
724 3644 761 3694 ac
778 3619 983 3720 subsequens
999 3617 1101 3723 hyems
1118 3614 1223 3687 mani-

137 3738 247 3841 ·seste
266 3736 484 3831 designantur.
517 3735 649 3814 Etenim
675 3762 779 3835 quum
806 3730 947 3809 Ovidius
973 3747 1118 3806 autumno
1144 3729 1226 3804 anni

166 3856 206 3927 U.
228 3854 266 3927 C.
288 3868 425 3927 neem!
440 3855 548 3936 Roma
568 3849 771 3934 discesserit,
788 3865 913 3956 quartur
929 3849 970 3922 ab
988 3847 1047 3920 illo
1066 3857 1227 3917 wintarus

165 3968 280 4071 nequit
295 3966 400 4055 alius,
418 3986 633 4069 preterquam
645 3967 784 4066 hujusce
795 3966 893 4053 anni,
912 3967 946 4038 in
966 3989 1032 4063 quo
1046 3985 1226 4043 versamur,

166 4083 314 4182 intelligi.
330 4085 406 4157 Hoc
420 4097 526 4156 antem
541 4081 615 4155 loco
627 4083 751 4157 Noster
761 4097 859 4156 notat
870 4093 1046 4152 annianum
1058 4099 1119 4172 per
1131 4086 1227 4146 ortum
