2768 4694
485 119 578 188 run
602 121 635 187 r.
664 116 897 188 Messon.
1160 124 1223 213 189

288 224 300 237 ι
353 257 500 328 Quondam
514 259 817 326 casmenimispoette

384 349 460 404 Falto
471 351 579 403 nomine
591 350 709 404 subditus
720 350 864 413 (lerinum

155 468 207 540 uti
222 467 288 567 jam
306 494 406 568 supra
423 494 462 541 ex
485 465 614 539 &donn
628 467 813 564 Apullrirun'
829 466 1025 540 notavimus.
1045 466 1111 540 Sed
1127 496 1226 568 quam

154 580 236 656 falsa
249 582 293 658 sit
305 581 375 657 haec
384 582 519 683 opinio,
540 582 664 683 quoad
677 581 800 656 Iulium
814 581 960 677 Augusti
971 579 1090 668 filiam,
1102 582 1225 657 ibidem

155 727 290 800 quoque
307 698 537 772 indicarimus.
555 699 605 772 Ne
620 727 698 770 vero
713 710 746 770 et'
759 696 861 795 hujus
875 695 1036 797 principis
1047 699 1162 797 neptis,
1175 698 1226 773 vel

153 817 287 903 malla,
310 845 349 891 ea
358 816 477 918 puella
493 814 647 912 ambigua
665 844 744 889 voce
762 814 1021 911 intelligeretur,
1047 814 1093 890 sic
1118 816 1227 891 Aldus

154 932 321 1007 Maranites
338 940 346 970 ¹
366 948 481 1005 contra
495 930 733 1004 ratiocinatur:
754 964 770 995 κ
788 933 899 1029 Quam
916 929 996 1005 ficto
1013 930 1143 1004 nomine
1157 934 1227 1008 Cn-

158 1082 178 1113 »
199 1046 331 1121 rinnarn
345 1043 538 1147 adpellant,
557 1047 703 1146 potitum
722 1074 757 1120 se
775 1064 914 1120 testatur
929 1047 964 1119 in
983 1048 1097 1121 Amor.
1111 1044 1171 1120 lib.
1191 1052 1226 1137 l,

164 1196 183 1226 ³>
204 1160 299 1257 Eleg.
316 1178 351 1233 v.
373 1163 482 1259 Quare
497 1161 524 1234 si
541 1190 577 1234 ea
594 1161 642 1235 vel
656 1161 740 1249 lilia,
755 1160 803 1236 rel
816 1163 943 1263 neptis,
960 1160 1010 1235 vel
1023 1160 1140 1235 ancilla
1154 1164 1226 1236 Cae-

164 1310 184 1341 »
205 1276 305 1363 saris,
315 1274 363 1350 vel
374 1305 587 1377 quecumque
599 1275 660 1350 alia
670 1277 769 1352 suerit
781 1279 828 1353 sic
839 1276 888 1349 illi
902 1306 991 1363 carn,
1005 1293 1045 1350 ut
1054 1297 1226 1378 propterea

164 1426 182 1457 »
201 1392 358 1466 Ovidium
374 1389 583 1487 relegaverit;
603 1421 672 1465 non
688 1420 788 1479 error,
811 1393 868 1467 sed
886 1392 993 1468 scelus
1007 1393 1141 1482 luisset3
1159 1425 1226 1469 non

162 1543 181 1572 »
200 1507 323 1583 inscius
338 1505 475 1583 vidisset
491 1507 630 1594 crimen,
649 1507 705 1580 sed
722 1508 829 1583 sciens
845 1507 984 1583 lecisset.
1004 1542 1021 1572 »

208 1627 255 1698 At
277 1622 458 1699 absurdum
481 1651 621 1725 prorsus
642 1623 729 1696 soret
748 1621 920 1712 arbitrari,
938 1625 1083 1720 Augusti
1109 1642 1225 1724 neptem

162 1743 225 1819 sub
247 1739 333 1817 falso
357 1738 504 1816 Cunnum
523 1740 658 1814 nomine
675 1739 719 1811 ab
737 1738 859 1813 ovidio
878 1738 982 1813 luisse
998 1757 1157 1829 amatam,
1181 1745 1227 1817 si-

162 1858 293 1963 qnidem
316 1858 387 1935 lucc.
408 1855 552 1931 Nasonis
575 1854 745 1951 ingenium
761 1855 826 1953 jam
852 1873 1016 1943 moverat,
1039 1887 1140 1958 quum
1159 1862 1227 1960 ejus

162 1974 255 2053 duda
273 1990 389 2049 resecta
411 1973 491 2047 bt'see
514 1973 637 2047 semelve
666 1973 795 2062 suerat,
822 1972 885 2045 huc
903 1991 971 2062 est,
989 2001 1076 2047 annu
1099 1976 1228 2049 circiter

163 2095 203 2168 U.
221 2097 259 2170 C.
279 2109 475 2176 uccxxxn,
491 2108 529 2164 ut
542 2090 583 2163 ad
598 2119 672 2166 eun
687 2090 851 2176 diximum
866 2119 933 2192 quo
952 2111 1059 2169 tamen
1078 2109 1226 2196 tempore

162 2211 310 2287 nundum
323 2225 401 2283 nata
415 2204 479 2279 luit
491 2202 584 2279 Ietta
596 2207 704 2309 neptis
716 2205 872 2301 Augusti.
886 2208 1018 2282 Etenim
1032 2206 1125 2280 Jutia
1137 2206 1227 2281 illius

163 2344 266 2399 mater
283 2323 417 2398 nonnisi
436 2350 526 2395 auno
543 2322 585 2393 U.
603 2322 639 2396 C.
658 2338 843 2397 nccxxxtlt
862 2337 966 2420 nupta
984 2340 1035 2394 est
1050 2321 1225 2424 Agrippae,

166 2441 224 2540 qui
234 2468 272 2513 ex
284 2467 320 2512 ea
333 2467 419 2512 anno
428 2436 649 2537 subsequente
663 2436 788 2525 Caium,
804 2436 952 2510 omnium
964 2434 1145 2511 liberorum
1158 2441 1227 2539 pri·

165 2584 275 2643 num,
297 2550 374 2627 tulit
387 2561 413 2625 ².

215 2668 387 2745 Addamus
406 2682 439 2739 et
454 2665 494 2738 de
508 2665 620 2751 dultia,
641 2668 785 2761 Augusti
787 2668 880 2768 filiu,
902 2667 1026 2741 eumin
1043 2694 1140 2742 eausa
1157 2700 1225 2745 non

166 2785 285 2874 luisse,
299 2813 358 2860 cur
368 2783 509 2858 Ovidius
521 2780 737 2879 relegaretur,
748 2784 862 2858 exinde
876 2781 1022 2885 liquere,
1033 2784 1126 2884 'quod
1140 2786 1225 2888 ipse-

167 2923 229 2978 met
244 2920 400 2990 testetur,
419 2928 453 2975 se
470 2901 503 2973 in
519 2899 615 2976 illum
630 2926 779 2986 errureru,
800 2927 857 2975 seu
876 2899 1006 3001 culpam
1024 2901 1053 2974 ei
1067 2899 1224 2979 silendam

167 3019 333 3109 incidisse,
352 3046 421 3091 nun
439 3034 541 3119 quum
554 3016 675 3119 suaeuis
698 3033 800 3105 esset,
828 3016 886 3092 sed
903 3017 966 3091 sub
991 3032 1127 3092 extrema
1151 3021 1224 3095 vitae

168 3152 326 3237 tempora,
339 3137 441 3209 immo
455 3153 536 3235 post
546 3138 659 3208 Artem
670 3134 866 3209 Anactorium
876 3134 939 3232 jam
950 3133 1080 3209 editam.
1096 3136 1225 3209 Etenim

170 3276 266 3348 quum
281 3250 382 3324 Trist.
402 3246 532 3355 librlt,
550 3275 632 3321 vers.
654 3272 672 3346 7
692 3263 726 3319 et
743 3245 785 3335 8,
803 3246 960 3321 dixisset:

325 3394 450 3448 Carmina
461 3392 597 3460 lecerunt,
611 3404 640 3448 ut
651 3413 694 3447 rue
708 3412 848 3463 moresque
860 3403 958 3448 notaret

359 3486 421 3539 Jam
431 3485 540 3551 demum
551 3493 609 3539 reta
621 3484 710 3539 Cesar
721 3485 753 3538 ab
761 3486 827 3539 Arte
836 3504 902 3540 mea.

172 3621 271 3703 atque
282 3631 300 3676 a
313 3630 393 3676 vers.
410 3628 454 3703 79
468 3603 653 3694 cecinisset,
667 3602 811 3705 priorem
825 3632 891 3679 suee
902 3605 975 3680 ritu
986 3619 1108 3704 partem
1123 3599 1227 3698 probe
1354 3598 1360 3609 ‘

200 3781 208 3811 ¹
230 3779 261 3832 ln
276 3775 366 3830 Ovidii
378 3774 450 3831 viu.

201 3872 211 3899 ¹
231 3867 300 3923 Vide
312 3867 393 3921 Dion.
406 3866 449 3920 lib.
460 3866 536 3947 ΗΥ,
545 3887 602 3939 pag.
614 3872 661 3923 525
674 3879 700 3923 et
712 3867 768 3921 525.
