2768 4694
159 386 220 452 180
265 439 270 449 .
491 383 530 447 P.
558 382 736 449 OVIDII
762 383 898 448 VITA

156 528 234 600 Ilaec
250 525 338 600 enim
355 520 439 598 male
457 521 497 596 tl.
515 523 566 596 vir
581 524 754 623 conjungit
771 554 846 599 cum
862 552 943 598 vers.
968 551 1009 624 7¹
1031 544 1064 598 et
1080 551 1126 625 72
1143 556 1150 599 :

318 672 393 726 Dum
405 671 511 742 loquor,
521 683 551 727 et
561 671 671 741 flemus,
684 674 747 727 celo
759 671 929 727 nitidissimus
940 672 1008 739 alto,

347 764 428 816 Stella
441 764 525 834 gravis
537 764 629 831 nobis,
643 765 748 834 Lucifer
757 775 831 818 ortus
842 774 917 827 enm

156 890 279 992 quibus
306 919 382 965 sane
406 889 592 986 significat,
606 891 672 989 jam
687 888 878 963 adventasse
894 886 1004 976 diem,
1019 890 1070 964 uti
1087 907 1122 963 et
1141 919 1227 968 vers.

157 1011 201 1109 47
218 1007 339 1101 ⁰148:

320 1155 433 1224 Jamque
446 1172 528 1207 morae
538 1152 651 1224 spatium
662 1173 714 1207 not
721 1158 881 1221 precipitata
893 1153 1004 1222 negabat
1016 1192 1024 1219 ,

354 1243 488 1313 Versaque
501 1245 532 1297 ab
540 1263 589 1298 >are
600 1263 648 1298 suc
661 1242 795 1297 Parrhasis
806 1244 900 1297 Arctos
911 1255 967 1297 erat
978 1247 995 1294 ¹.

156 1373 204 1445 At
218 1372 341 1444 Noster
366 1367 569 1442 carminibus
595 1367 665 1440 haec
688 1367 960 1443 antecedentibus
983 1366 1068 1442 clare
1085 1344 1237 1457 indicat,

157 1483 296 1579 longum
312 1482 394 1556 satis
419 1509 519 1554 morae
546 1482 689 1581 spatium
714 1481 756 1555 ad
783 1481 923 1581 Lucffen‘
936 1510 1062 1583 nsque,
1082 1511 1141 1559 seu
1164 1478 1238 1559 diei

157 1614 307 1672 exortum
332 1595 455 1683 fuisse,
481 1613 660 1698 postquam
677 1623 772 1695 prece
791 1595 915 1668 Luurmr
930 1596 1105 1695 jam‘ultam
1125 1627 1233 1674 vene-

78 1716 80 1721 ’
156 1731 248 1787 ratus
264 1710 373 1785 suerat
386 1741 394 1784 :
409 1710 483 1786 vide
501 1739 583 1786 vers.
605 1709 725 1810 27-46.

206 1827 363 1899 Praeterea
383 1822 460 1899 licet
475 1822 619 1899 Calvisio
637 1823 806 1914 daremus,
825 1825 983 1899 Ovidium
1000 1825 1058 1900 illo
1080 1823 1158 1901 loco
1176 1829 1233 1904 in·

156 1973 279 2028 nuere,
297 1943 476 2017 discessum
492 1941 647 2017 incidisse
664 1960 744 2043 post
759 1941 890 2042 aliquot
907 1942 995 2029 dies,
1016 1971 1116 2044 qnam
1131 1944 1234 2020 Im
1245 1991 1267 2017 .-

151 2062 247 2162 pleou
262 2060 398 2147 suisset;
414 2058 490 2132 inde
508 2074 615 2135 tamen
634 2086 702 2131 non
716 2074 928 2158 sequeretur,
946 2057 1012 2131 hoc
1021 2058 1227 2157 plem'lum'um

157 2176 200 2250 ad
220 2174 382 2251 Octobrem
404 2175 519 2275 potius
538 2202 635 2274 quam
651 2172 749 2247 alium
767 2201 910 2247 mensem
930 2191 1098 2273 spectare3
1121 2205 1163 2251 ne
1179 2176 1228 2250 di·

161 2290 455 2391 cam,pleoilooium
465 2287 530 2362 alio
540 2288 642 2363 suisse
658 2288 803 2387 ejusdem
816 2290 938 2363 mensis
951 2290 1002 2364 die
1017 2299 1042 2378 ²,
1055 2317 1110 2365 an.
1126 2294 1170 2366 U.
1187 2296 1223 2369 C.

160 2423 321 2496 Dcctxll,
340 2425 408 2506 quo
423 2433 500 2478 mox
515 2403 812 2479 demonstrabimus
828 2405 970 2480 Nasonis
985 2403 1136 2481 exsilium
1148 2437 1226 2484 con·

160 2525 282 2622 tigisse.
451 2523 454 2531 ’

209 2645 298 2716 Hinc
317 2659 365 2716 est
384 2643 474 2743 quod
495 2639 669 2719 Bucherius
686 2670 725 2715 er
743 2642 860 2717 eodem
876 2641 950 2716 loco
968 2640 1127 2732 deducat,
1147 2649 1225 2721 ovi-

163 2755 253 2830 dium
270 2757 400 2831 circiter
417 2770 465 2830 xx
489 2756 648 2831 Novemb.
675 2757 775 2854 hujus
797 2757 876 2831 anni
905 2758 1012 2830 Roma
1029 2757 1223 2836 discessisse.

166 2902 184 2934 «
203 2871 315 2968 Quin,
333 2871 398 2958 ait,
416 2888 448 2944 et
465 2871 535 2971 ipse
548 2871 710 2971 quosdam
725 2872 776 2946 sui
790 2899 829 2945 ex
841 2873 923 2946 urbe
941 2874 1048 2947 Roma
1064 2875 1226 2950 discessus

115 3092 117 3098 ι
165 3021 184 3053 »
204 3006 380 3063 caracteres
392 2989 526 3062 indicat.
542 2989 690 3065 Primum
700 2991 800 3064 Trist.
819 2987 878 3063 lib.
893 2992 925 3077 Ι,
938 2990 1028 3085 Eleg.
1046 3012 1106 3080 111,
1122 3023 1226 3093 quum

114 3104 115 3107 '
166 3136 184 3167 »
202 3104 296 3177 Luna
310 3105 670 3205 noctumosoltoregebut
682 3134 796 3206 equos,
815 3106 849 3178 id
867 3123 936 3192 est,
954 3104 1157 3207 plenilunio,
1174 3111 1226 3183 uti

166 3253 184 3285 »
205 3220 340 3309 volunt,
359 3222 451 3323 quod
466 3223 549 3296 circa
561 3242 608 3296 xx
618 3222 812 3297 Novembris
824 3224 890 3298 hoc
904 3253 990 3298 anno
1002 3232 1017 3319 (
1027 3226 1061 3299 in
1076 3255 1144 3327 quo
1155 3254 1226 3301 ver·

165 3372 183 3405 »
204 3339 340 3438 samur)
357 3340 506 3435 contigit.
525 3343 608 3413 ltem
623 3369 725 3441 quum
740 3340 883 3442 Lucfir,
905 3370 962 3415 seu
979 3346 1092 3416 Venus
1110 3343 1142 3433 ³,
1160 3346 1226 3420 ori·

196 3540 203 3569 ¹
224 3533 291 3588 Vide
305 3535 402 3590 laucan.
413 3533 456 3588 lib.
469 3535 519 3602 lV,
533 3555 598 3591 vers.
611 3536 668 3590 523.

197 3631 210 3660 ²
226 3627 328 3682 Scilicet
340 3644 388 3680 xxr
398 3629 500 3682 circiter
510 3627 641 3683 Octobris.

195 3718 207 3750 ³
224 3719 275 3771 Vir
285 3716 348 3771 mihi
360 3728 436 3786 poeta
446 3717 581 3774 videretur
589 3718 655 3773 adeo
662 3718 748 3774 stricte
761 3719 963 3791 intelligendus,
978 3722 1046 3776 utad
1060 3722 1225 3794 huiuscene

165 3814 252 3856 ortum
263 3800 432 3871 spectaveri13
446 3801 574 3870 siquidem
588 3802 679 3872 passim
693 3804 807 3870 Luciferi
819 3805 926 3858 nomine
942 3811 1020 3869 dreni,
1038 3808 1128 3862 solisve
1141 3809 1223 3864 lucem

164 3883 192 3935 in
205 3903 300 3952 genere
312 3880 432 3950 indigitat
455 3882 566 3949 Noster,
588 3902 641 3936 non
656 3904 770 3940 recusae
788 3887 828 3940 alii
848 3900 937 3958 poetre.
951 3889 1006 3943 Nec
1018 3892 1096 3943 etiam
1109 3892 1135 3944 in
1153 3902 1225 3945 tanto

162 3967 233 4021 luctu
245 3969 315 4023 domi
323 4007 330 4032 ,
338 3966 390 4022 suis
400 3976 427 4020 et
436 3967 524 4021 amicis
534 3968 678 4025 valedicens
687 3971 762 4025 aliter
773 3975 867 4042 potuit,
876 3995 955 4043 quam
968 3976 1029 4029 luris
1042 3977 1125 4030 dieive
1133 3988 1224 4031 exortu

162 4050 279 4115 novisse,
296 4048 410 4104 Luciferi
430 4067 476 4103 teu
492 4048 604 4105 Veneris
625 4050 725 4106 stellam
748 4053 826 4109 luisse
846 4057 899 4124 jam
920 4068 1043 4110 exortam.
1061 4058 1115 4111 Suo
1133 4068 1223 4112 tamen

162 4135 338 4205 unusquisque
352 4135 457 4190 fruatur
468 4134 581 4207 judicic,
594 4156 678 4207 quum
687 4138 715 4194 id
725 4139 797 4210 parvi
808 4142 841 4196 sit
851 4141 899 4199 bac
912 4144 939 4196 in
955 4163 983 4196 re
996 4142 1133 4198 momenti.
