2768 4694
482 323 576 389 rur
600 323 633 389 J.
660 322 882 393 Messon.
1152 328 1215 418 169

153 468 260 556 bitur,
270 466 300 539 si
314 463 540 551 observemus,
545 493 652 564 pacem
664 493 736 537 cum
747 462 883 547 Parthis,
894 491 981 536 anuo
990 462 1220 565 subsequente,

157 587 202 657 U.
214 585 253 657 C.
272 598 385 655 Deest
396 579 523 665 medio,
537 581 752 681 compositam
764 609 851 667 esse,
866 581 916 653 uti
930 579 1011 654 alibi
1028 590 1127 682 ¹post
1138 611 1222 682 pre-

155 698 325 773 laudatum
336 695 505 770 Norisium
528 693 682 795 pluribus
695 696 869 783 evicimus;
885 725 981 796 quam
995 714 1101 770 tamen
1110 725 1221 798 pacem

154 815 302 890 nondum
319 814 475 911 agitatam
502 829 572 885 tum
588 812 710 902 fuisse,
737 843 839 914 quum
862 817 985 887 Noster
999 843 1036 888 ea
1051 814 1224 902 scriberet,

153 961 193 1006 ex
212 931 328 1006 iisdem
344 929 456 1032 palam
472 927 524 1015 fit,
542 957 611 1001 nou
630 957 723 1002 secus
738 957 774 1001 ac
791 957 926 1002 envers.
946 928 1015 1002 223
1030 947 1064 1003 et
1081 931 1173 1023 224:

320 1102 457 1171 Tempora
469 1119 517 1153 uec
528 1118 656 1164 numera,
669 1119 717 1153 uec
729 1099 821 1152 crebro
834 1101 931 1169 respice
944 1101 1058 1154 Romam
1069 1122 1076 1166 ;

357 1193 411 1247 Sed
423 1193 485 1262 luge
494 1212 502 1244 τ
511 1202 580 1246 tutus
592 1196 675 1245 adhuc
684 1195 792 1245 Parthus
806 1193 838 1245 ab
852 1192 924 1245 hoste
929 1193 998 1261 suga
1009 1204 1062 1246 est:

159 1335 253 1408 unde
271 1362 340 1407 non
356 1333 441 1406 male
456 1332 538 1432 idem
550 1333 828 1407 eminentissimus
846 1334 896 1405 vir
912 1331 1058 1428 colligit,
1079 1332 1222 1406 Partbos

162 1453 233 1523 rem
251 1445 366 1548 praelio
382 1446 547 1522 decernere
560 1447 777 1522 detrectantes
790 1503 799 1534 ,
814 1446 898 1551 intra
911 1447 1089 1524 munitiora
1102 1446 1223 1548 oppida

161 1590 199 1637 se
211 1581 421 1637 continuisse.

206 1682 251 1754 ll.
274 1681 434 1755 Praeterea
446 1682 536 1754 Naso
550 1680 731 1776 significat,
748 1707 782 1754 se
793 1681 883 1753 hunc
897 1678 1112 1753 Remedeirrum
1124 1681 1223 1752 Amo

159 1797 200 1868 n's
224 1795 347 1868 librum
370 1792 482 1895 aliquo
499 1812 578 1894 post
596 1800 711 1868 Artem
727 1795 923 1869 Amoton‘um
946 1812 1093 1895 tempore
1111 1820 1222 1866 exara-

159 1912 262 2000 visse,
279 1939 383 2012 quum
399 1910 447 1983 sic
464 1910 618 1983 orditur:

324 2082 436 2151 Legerat
445 2081 524 2151 buius
536 2082 621 2135 Amor
633 2064 738 2134 titulum
749 2101 897 2149 nomenque
909 2080 1001 2134 libelli:

356 2172 430 2225 Rella
442 2172 523 2236 mibi,
536 2172 627 2239 video,
640 2170 706 2226 bella
719 2183 858 2241 parantur,
870 2173 912 2226 ait.

322 2263 405 2316 Parce
417 2273 495 2315 tuum
507 2272 592 2315 vatem
603 2263 704 2316 sceleris
716 2262 855 2328 damnare,
870 2263 989 2333 Cupido,
1002 2273 1050 2317 etc

325 2352 402 2419 Saepe
416 2361 509 2419 tepent
520 2351 561 2404 alii
572 2352 676 2418 juvenes
688 2373 694 2405 ι
705 2372 754 2424 ego
764 2372 868 2422 semper
879 2356 977 2417 amavi,

360 2442 395 2495 Et
407 2441 428 2493 si
440 2480 447 2505 ,
462 2440 524 2509 quid
536 2441 628 2495 laciam
638 2462 707 2496 nunc
719 2463 841 2511 quoque,
854 2444 959 2511 qnietis,
973 2462 1040 2496 amo.

327 2533 402 2601 Quin
416 2532 497 2585 etiam
510 2535 596 2594 docet,
612 2552 661 2600 qua
672 2534 750 2601 possis
763 2534 845 2585 Am
858 2534 940 2600 parari
952 2555 959 2596 3

358 2623 393 2676 Et
406 2622 477 2692 quod
489 2642 560 2676 nnnc
570 2625 637 2678 ratio
648 2635 703 2691 est,
717 2625 830 2693 impetus
844 2634 904 2676 ante
915 2623 971 2676 luit.

329 2715 384 2768 Nec
394 2727 435 2780 te,
445 2714 539 2768 blande
552 2736 632 2786 puer,
645 2736 695 2770 nec
707 2731 829 2771 sosruss
842 2715 977 2786 prodimus
990 2715 1102 2777 Attene,

363 2804 417 2858 Nec
427 2825 492 2860 nova
499 2812 647 2873 preteritum
660 2807 738 2860 Musa
750 2799 843 2861 rete'xit
853 2827 922 2875 epus.

215 2951 288 3027 lll.¹
307 2948 483 3038 Caeterum,
504 2949 580 3024 licet
603 2947 754 3043 vulgares
775 2950 853 3023 editi
872 2949 1000 3022 codices
1014 2935 1082 3020 bec
1097 2947 1225 3021 Amoris

165 3062 317 3140 Rernedio
332 3063 366 3137 in
381 3063 468 3138 duos
483 3065 634 3138 dividant
653 3062 778 3149 libros,
800 3063 853 3137 alii
879 3082 986 3137 tamen
1007 3062 1096 3136 MSS
1121 3090 1223 3135 urium

166 3180 397 3256 modolibrum
408 3180 549 3265 faciunt,
567 3197 606 3252 ut
618 3176 857 3253 illustrissimus
872 3178 979 3253 Nicol.
995 3177 1151 3252 Heinsius
1163 3207 1225 3251 nos

165 3295 285 3371 docuit.
315 3299 384 3370 Nec
400 3294 493 3369 aliter
511 3297 650 3394 ipsemet
668 3294 826 3384 Ovidius,
846 3295 902 3395 qui
921 3324 1014 3369 versu
1036 3320 1049 3365 1
1068 3295 1133 3393 jam
1149 3325 1223 3395 pro-

163 3407 231 3484 lato
246 3411 382 3485 labellum
400 3409 464 3482 hoc
479 3437 599 3512 poema
614 3427 727 3497 vocat,
744 3408 936 3482 observante
952 3408 1066 3482 eodem
1083 3406 1123 3481 cl.
1141 3409 1222 3480 viro.

166 3525 247 3596 llaec
262 3544 369 3599 umen
384 3525 487 3617 ratio,
503 3525 533 3599 si
548 3524 618 3599 sola
634 3525 736 3611 soret,
755 3553 824 3598 rem
841 3524 959 3598 invicte
977 3552 1044 3597 uon
1059 3523 1223 3602 deliniret,

171 3636 434 3739 quandoquidem
450 3645 572 3717 Noster·
587 3642 685 3716 libelli
699 3669 831 3741 quoque
845 3641 975 3714 nomine
988 3640 1100 3714 Artem
1118 3642 1224 3708 Amo-

170 3751 282 3823 toriam
307 3755 411 3828 tribus
433 3754 526 3832 libris
550 3775 735 3831 contextam
757 3755 930 3851 indigitat,
957 3756 1057 3830 Trist.
1084 3751 1140 3822 lib.
1168 3750 1222 3832 11,

175 3894 255 3939 vers
277 3865 357 3958 545.

206 4066 213 4095 ¹
229 4063 294 4117 lani
306 4062 394 4134 templ.
408 4064 497 4121 Resec.
508 4086 564 4136 pag.
577 4069 700 4123 350-352.
