2768 4694
454 362 521 429 nr
545 361 920 431 rnnrsmonns.
953 458 956 463 Ι
1154 365 1220 432 nos

154 534 290 582 sacrum
306 500 391 578 illud
407 500 581 575 Musarum
597 500 813 574 diversorium
829 516 997 601 repetens,
1010 498 1046 572 in
1063 500 1224 576 Heroidas
1256 580 1259 585 ,

156 623 238 698 illus
255 620 434 697 Ovidian‘ns
448 619 536 692 sorte
556 617 667 692 incidi.
689 616 747 689 Dii
759 616 842 690 boni
856 644 954 718 qnam
964 615 1139 718 multiplici
1153 645 1226 692 eru-

158 736 289 810 ditione
312 732 466 821 refertas,
484 742 583 832 quum
606 726 820 830 lepidissimis
844 727 969 803 salibus
990 729 1223 805 concinnatos!

163 852 299 926 «Omne
311 848 391 923 tulit
402 862 563 950 punctum
573 902 583 934 ,
595 861 634 919 ut
644 845 754 944 inquit
763 843 921 933 Flaccus,
932 842 989 944 qni
1002 845 1134 918 miscuit
1146 844 1226 920 utile

161 962 259 1039 dulci.
277 997 296 1031 o
316 961 421 1059 Quod
434 959 570 1061 quidem
588 975 646 1033 ant
662 984 778 1045 nemo,
801 976 954 1061 utputo,
972 975 1030 1033 ant
1042 976 1156 1033 noster
1172 960 1228 1033 bic

160 1085 248 1155 Naso
262 1099 314 1155 est
326 1078 505 1154 adsecutus
517 1105 525 1148 ε
535 1075 648 1177 quiita
658 1075 741 1148 seria
750 1073 885 1149 mellitis
891 1074 1227 1170 figmentisligmenta

162 1196 256 1270 seriis
278 1194 414 1282 miscet,
429 1210 470 1266 ut
494 1191 573 1265 satis
598 1194 739 1277 nescias,
757 1188 874 1291 plusne
899 1188 1072 1281 utilitatis,
1090 1209 1148 1265 aut
1169 1221 1225 1264 vo-

164 1308 303 1410 luptatis
319 1336 388 1409 prae
404 1334 440 1383 se
463 1306 557 1381 ferat.
582 1305 686 1404 Quod
710 1334 813 1407 quum
837 1333 1077 1407 nonnunquam
1100 1307 1228 1402 egregie

165 1421 300 1510 lecerit,
324 1421 360 1494 in
380 1416 545 1522 Epistolis
570 1413 749 1520 praesertim
766 1417 925 1513 singulari
955 1417 1098 1520 quodam
1126 1417 1226 1491 modo

166 1537 249 1613 mihi
264 1538 381 1615 fecisse
395 1536 558 1612 ridetur.'.
575 1592 584 1611 .
602 1594 609 1607 .
627 1595 635 1610 .

380 1778 639 1935 ionums
667 1832 1012 1920 Possnnsrn

419 1988 430 2007 ’
512 2022 875 2078 nnnrorruncons
1159 2108 1165 2115 ι

223 2171 270 2237 lll
296 2169 451 2237 0V1D11
475 2167 872 2237 CONSOLATIONEM
897 2169 960 2236 AD
985 2170 1165 2239 LIVIAM.

216 2392 311 2409 .....
329 2338 573 2408 lttvmttnvtt
596 2335 732 2435 opinio,
748 2332 906 2434 vulgique
921 2335 1006 2410 lama
1022 2336 1228 2438 percrebuit,

167 2450 328 2523 Ovidium
345 2476 416 2524 esse
433 2475 501 2520 uon
515 2446 624 2522 multu
640 2450 814 2538 doctrinae,
832 2448 1033 2553 humilisque
1044 2471 1077 2526 et
1090 2451 1228 2525 nimium

169 2560 369 2636 luxuriantis
379 2558 474 2658 styli,
488 2577 587 2660 atque
599 2561 710 2652 etiam,
723 2566 751 2640 si
764 2565 839 2639 Diis
854 2562 979 2664 placet,
993 2564 1100 2638 latinae
1113 2564 1232 2658 lingue

171 2678 366 2772 elegantiam
382 2677 588 2777 nitoremque
606 2678 641 2751 in
655 2707 696 2753 eo
709 2681 832 2784 requiri
850 2713 858 2755 ε
875 2681 956 2754 adeo
974 2697 1014 2753 ut
1033 2679 1138 2755 Italus
1155 2681 1229 2781 qni·

175 2795 249 2869 dam
260 2793 311 2868 vel
323 2793 386 2867 hac
396 2820 430 2866 re
442 2793 593 2893 inprimis
604 2794 748 2887 nobilis,
759 2827 860 2900 quum
873 2798 1122 2872 humanioribus
1130 2799 1232 2874 literis

173 2911 308 2985 unicum
325 2927 459 3007 gnatum
477 2908 656 2999 imbueret,
672 2909 729 2986 illa
743 2915 825 2988 miro
841 2913 978 2988 artificio
994 2931 1145 2989 contexta
1164 2942 1231 2988 uru-

175 3039 245 3100 tutoe
261 3040 310 3099 ter
323 3025 453 3126 queisque
466 3024 745 3124 voluminnsoonoe
755 3025 790 3098 in
802 3027 943 3126 patrium
958 3055 1138 3101 sermonem
1151 3056 1232 3102 con-

176 3141 320 3228 verterit,
347 3169 414 3228 ne,
438 3139 467 3212 si
483 3139 583 3214 latine
608 3138 751 3236 legeret,
776 3166 814 3217 ex
835 3141 947 3217 Ovidii
970 3143 1101 3243 scriptis
1120 3144 1234 3218 sordes

178 3275 208 3330 et
219 3256 407 3332 barbariem
424 3253 594 3351 colligeret
607 3258 703 3331 beata
716 3258 810 3360 pueri
821 3287 921 3345 vena,
940 3285 1011 3357 qnae
1026 3259 1175 3358 jamtum
1192 3256 1234 3330 ad

179 3373 357 3474 exemplum
371 3371 521 3446 Maronis
532 3371 742 3472 properabat,
755 3390 793 3445 nt
803 3373 952 3474 plerique
962 3372 1117 3448 ltnlorum
1129 3401 1233 3475 prope

179 3487 221 3561 ab
237 3487 458 3575 incunabulis,
477 3488 559 3561 meri
578 3488 721 3563 existunt
736 3487 861 3586 judicio
878 3516 938 3562 suo
957 3490 1121 3564 Marones.
1141 3486 1234 3560 Deli-

180 3606 246 3680 cias
257 3606 419 3680 bominis!
438 3633 575 3707 quassu
590 3633 669 3700 gens
685 3633 743 3677 sua
758 3604 868 3678 riserit
885 3605 1014 3687 nescio,
1029 3607 1144 3679 Musas
1157 3628 1234 3701 pro-

180 3725 268 3797 lecto
285 3722 393 3823 ipsos,
417 3720 597 3821 quamlibet
620 3749 707 3794 nunc
725 3720 857 3805 tristes,
886 3719 1028 3793 arbitror
1045 3719 1146 3791 risum
1170 3741 1238 3787 non

185 3835 330 3911 tenuisse
345 3836 380 3906 in
397 3852 462 3908 tam
476 3835 612 3910 delicato
630 3854 663 3909 et
684 3833 861 3936 sybaritico
878 3832 1072 3919 fastidio.....
1102 3828 1238 3902 Levabit

185 3954 305 4029 melius
318 3949 539 4045 egritudinem
555 3969 721 4038 nostrum,
750 3976 960 4050 quaecumque
977 3975 1014 4020 cx
1033 3942 1175 4046 publicis
1189 3942 1240 4015 vel

184 4070 322 4172 privatis
343 4064 437 4141 molis
454 4066 641 4160 continget,
656 4067 686 4141 is
703 4065 761 4167 qni
779 4064 877 4140 Liviae
892 4086 1063 4137 moerorem
1079 4076 1142 4132 tam
1155 4057 1238 4131 bene
