2768 4694
159 284 223 349 232
487 284 526 347 1².
561 283 737 351 OVIDII
763 279 895 347 VITA

159 453 177 485 »
197 419 415 519 suscepisset,
440 419 624 521 periturum
646 419 778 493 videret.
806 416 943 517 Solique
960 419 1039 493 huic
1057 420 1232 517 contigit,

161 567 177 598 o
196 558 288 633 paeue
306 530 431 606 diutius
452 560 603 607 recusare
624 531 867 632 principatum,
886 556 1004 631 quam,
1023 549 1069 604 ut·
1084 559 1233 634 occupa·

158 663 269 721 »rent
295 674 390 735 eum,
421 643 478 719 alii
506 649 605 722 armis
632 662 865 749 pugnaverant.
888 678 905 710 »
929 644 1058 720 Eodem
1081 647 1234 730 Ovidius

155 762 290 864 respicit
308 761 366 836 lib.
384 765 433 836 IV
449 793 488 839 ex
505 765 602 840 Pout
622 765 730 867 Epist.
749 782 833 854 tt111,
853 780 892 838 ut
909 762 950 837 ad
967 792 1093 839 aunum
1108 766 1234 866 proxi-

156 909 246 954 mum
261 879 457 956 videbimus.

208 1008 257 1071 2⁰.
277 998 380 1071 Poeta
398 997 522 1071 ibidem
539 997 629 1071 band
647 997 787 1071 obscure
803 996 953 1091 designat
967 997 1069 1072 Lim'oe
1084 999 1119 1072 in
1134 999 1235 1073 fami-

159 1112 237 1186 liam
249 1113 373 1186 Jotimn
391 1130 423 1184 et
436 1140 559 1185 nomeu
575 1109 733 1212 Augusta
744 1111 979 1213 adoptionem,
996 1114 1145 1208 Augusti
1164 1132 1235 1190 tes-

160 1247 304 1303 tamento
316 1230 453 1317 factam,
466 1245 547 1303 teste
563 1229 696 1316 Tacito,
714 1230 792 1329 qui,
808 1230 953 1324 Augusti
963 1247 1069 1303 morte
1081 1249 1234 1321 narrata,

159 1345 331 1446 subjungit
351 1354 384 1417 ¹:
403 1378 420 1408 «ι
439 1342 530 1417 Nihil
549 1343 658 1444 primo
673 1362 806 1418 senatus
823 1343 876 1416 die
893 1343 946 1439 agi
962 1373 1079 1444 passus
1100 1347 1236 1442 (Tibe-

162 1498 180 1528 »
199 1464 314 1556 rius),
331 1461 396 1535 nisi
409 1460 449 1533 de
462 1458 625 1559 supremis
638 1459 793 1552 Augusti.
811 1459 919 1558 Cujus¹
930 1477 1166 1538 testamentum
1180 1465 1236 1541 in·

163 1615 180 1644 »
200 1577 303 1652 latum
321 1603 381 1678 per
395 1573 541 1669 virgines
559 1573 688 1660 Vestae,
704 1571 878 1647 Tiberium
894 1593 928 1649 et
949 1575 1075 1650 Liviam
1092 1576 1235 1654 heredes

163 1728 180 1759 >2
198 1693 329 1767 habuit.
351 1690 445 1765 Livia
461 1690 497 1762 in
518 1685 675 1762 familiam
695 1686 840 1775 duliam,
862 1716 1052 1790 nomenque
1067 1691 1233 1788 Augusta

163 1846 181 1878 »
200 1804 445 1884 adsumeba'tur.
469 1840 487 1872 »
506 1804 598 1880 ldem
617 1804 753 1882 tradunt
763 1803 909 1880 Velleius
927 1816 940 1844 ²
958 1824 992 1882 et
1004 1808 1187 1910 Suetonius
1200 1809 1233 1898 ἢ

162 1926 421 2025 confirmantque
440 1920 566 1997 nummi
579 1923 735 2018 Augusto
755 1922 821 2023 jam
840 1921 994 1998 defuncto
1005 1925 1093 2016 cusi,
1104 1926 1233 2004 Liviam

162 2042 225 2117 sub
242 2031 307 2116 ilto‘
319 2043 340 2116 J
343 2059 443 2115 uerte
458 2024 647 2113 Auonsru
662 2038 796 2116 nemine
812 2058 1093 2139 repraesentantes.

565 2203 826 2238 W

311 2377 393 2429 Anno
405 2373 438 2427 C.
452 2391 487 2429 xv
498 2395 506 2438 ς
516 2375 552 2428 U.
566 2371 598 2428 C.
610 2352 768 2436 seduxerim
781 2371 872 2427 Ovidii
883 2390 941 2428 tvn
956 2384 983 2428 et
994 2391 1072 2428 tvm.

249 2470 394 2587 'unus'o
413 2514 588 2582 cesana,
608 2512 638 2568 c.
654 2486 842 2611 sonnatio
860 2514 1011 2571 roseco
1028 2514 1135 2572 coss

214 2665 241 2736 Ι.
261 2663 465 2736 EPISTOIAM
477 2674 544 2731 xttt
557 2655 615 2729 lib.
632 2656 681 2727 lv
699 2682 737 2728 cx
753 2656 884 2746 Ponto,
898 2673 986 2731 sexta
997 2657 1102 2764 &eme
1113 2659 1168 2733 sui
1178 2689 1233 2736 ex·

167 2778 234 2851 silii
250 2806 269 2851 a
284 2779 417 2851 Nasone
434 2773 609 2873 scriptam,
622 2771 775 2871 superins
794 2771 860 2844 ‘ex
877 2800 958 2846 vers.
978 2775 1024 2866 4ο
1041 2774 1233 2863 docuimus,

166 2892 316 2989 hancque
334 2887 491 2989 temporis
508 2903 622 2960 nutam
641 2911 661 2957 a
683 2913 783 2985 prava
805 2886 1004 2961 eminentiss.
1031 2888 1157 2963 Norisii
1182 2889 1233 2962 in·

168 2998 664 3103 terpretatione'viudicavimusz'
673 2998 734 3074 ltta
747 3017 855 3076 autem
868 3000 972 3105 hyetto
982 3003 1131 3104 proxime
1143 3031 1232 3077 mor-

168 3135 235 3192 tem
249 3117 393 3213 Augusti
412 3115 628 3218 sequebatur,
647 3133 686 3190 ut
710 3116 835 3190 ibidem
857 3114 967 3190 obiter
991 3117 1151 3206 diximus,
1168 3146 1232 3220 pa·

169 3245 283 3331 tetque
298 3231 407 3307 erbis
422 3250 528 3332 poetae
545 3230 586 3304 de
603 3256 665 3304 suo
683 3231 823 3304 carmine
837 3229 950 3325 lingua
969 3232 1079 3306 Getc'co
1091 3231 1232 3307 conciu-

169 3366 266 3435 uato,
283 3374 366 3422 vem.
387 3345 520 3446 19-282
553 3355 556 3418 3
667 3412 670 3417 .

335 3493 378 3546 Ab
389 3491 485 3561 pudet!
497 3501 524 3545 et
539 3494 629 3547 Gettco
638 3495 733 3560 scn'pse'
739 3509 850 3544 temone
860 3494 986 3556 libellum,

362 3583 519 3651 Structoque
529 3592 591 3636 suut
602 3581 696 3638 nostrie
707 3582 816 3637 barban
827 3583 906 3638 verba
917 3582 1008 3637 modis
1048 3661 1051 3667 ¹

204 3757 214 3786 ¹
233 3751 328 3806 Annai.
340 3750 383 3806 iib.
396 3752 423 3818 1,
435 3770 490 3820 cap.
507 3772 544 3804 ιι.

205 3849 217 3878 ²
233 3846 289 3900 Lib.
303 3846 347 3912 ll,
362 3864 415 3915 cap.
429 3847 467 3912 75.

206 3935 265 3993 ³'1n
279 3938 347 4008 Aug.
357 3957 412 4006 cap.
426 3954 480 3991 ιοι.

206 4030 217 4066 ⁸
234 4031 295 4098 Pag.
313 4030 463 4085 181et182.
