2768 4694
388 351 458 419 DE
480 352 522 417 P.
550 350 749 419 OVIDIO
770 349 996 418 NASONE.
1163 350 1229 419 365

155 492 256 561 claris
269 492 431 564 notissuis
441 491 519 559 luc.
533 491 706 559 Heinsius.
721 492 800 572 Ejus
813 492 1017 557 mentionem
1032 488 1112 556 iacit
1124 502 1156 557 et
1166 494 1235 560 Vo-

155 602 344 672 laterrauus
353 599 804 669 Comment.Urhan.·XVII.
816 599 1122 690 Scripsitprretcrea
1130 601 1236 667 iuhoc

157 705 772 803 opuseommentsriulac.Poutunus,
783 706 949 799 Autverp.
967 704 1235 773 1618.in-i.tum

155 819 276 886 brevia
284 828 318 885 et
331 828 407 908 apta
418 812 587 881 tironibus
596 812 721 879 scholia
737 814 855 880 Tuom.
865 811 1078 888 Farnobius,
1092 814 1233 882 Amstel.

162 926 266 1009 1630,
292 924 396 1016 1639,
424 920 532 1014 1649,
548 924 617 986 in-1
627 943 660 985 e.
680 933 718 987 ut
728 921 872 987 Minellii
881 921 1006 988 similes
1019 932 1112 989 notas
1125 926 1239 1014 pueris

157 1035 294 1124 scriptas
308 1033 514 1099 omittamus.
533 1029 697 1117 Excerpta
714 1050 753 1092 ex
768 1025 1100 1117 Metamorphosibus
1114 1029 1239 1095 Fastis-

157 1166 223 1233 que
239 1137 374 1220 Ovidii,
391 1161 469 1203 cum
484 1136 571 1199 notis
597 1134 715 1200 Titum.
734 1134 921 1216 Johnsoni,
941 1134 1099 1224 prodiere
1124 1135 1233 1202 Lond.

163 1247 264 1340 1714.
285 1242 469 1315 Laudanda
489 1243 586 1308 etiam
606 1244 754 1332 Pompeii
773 1242 969 1334 Pasquulini
990 1241 1173 1324 industria,
1200 1246 1237 1309 iu

158 1358 357 1425 concinnato
376 1351 490 1420 indice
506 1352 655 1416 omnium
672 1351 911 1419 vocabulorum
927 1354 963 1416 in
981 1353 1235 1442 Metamorpho-

158 1463 254 1530 sibus
263 1460 397 1543 Ovidii,
412 1461 510 1527 Rom.
527 1455 611 1541 1614
620 1508 630 1538 ,
647 1461 747 1526 in-8⁰.
762 1464 968 1550 Argumenta
983 1462 1113 1551 antiqui
1131 1484 1237 1551 gram·

159 1571 295 1651 ma'tici,
314 1569 489 1637 Lanuui
507 1565 640 1634 Placidi
657 1569 811 1650 nomine,
832 1578 1011 1631 occurrunt
1030 1569 1066 1632 in
1088 1567 1237 1636 editione

160 1675 363 1744 Venetam.
386 1672 488 1757 1553,
514 1673 615 1738 in-80.
644 1671 797 1762 aliisque.
823 1673 963 1737 Donato
987 1672 1184 1740 tribuuntur
1202 1677 1238 1741 in

162 1782 243 1851 edit.
261 1780 471 1867 Coloniensi,
489 1793 523 1847 et
535 1782 610 1848 Nic.
631 1781 787 1848 Heinsius
807 1790 945 1845 testatus
959 1792 1025 1863 est,
1042 1805 1077 1847 se
1092 1785 1128 1848 iu
1142 1782 1233 1851 B'ibl.

160 1892 379 1960 Laurentiaua
391 1888 514 1957 vidisse
536 1888 613 1956 MS.
632 1888 860 1969 chartaceum,
886 1889 978 1969 cujus
990 1890 1107 1958 titulus
1123 1904 1207 1958 esset
1226 1921 1233 1960 :

162 2002 292 2068 Donati
297 1995 501 2067 abbreviatio
497 1995 700 2087 fabularum
713 1995 833 2065 Ovidii.
844 1997 945 2062 Forte
953 1996 1071 2065 referri
1083 1998 1184 2067 dehet
1193 2000 1236 2068 ad

166 2107 530 2183 Puerumuonamm,
551 2130 647 2198 aquo
656 2103 1126 2197 Marouisdescriptamvitam
1133 2111 1235 2180 habe-

161 2241 245 2284 mus.
263 2214 468 2283 Prodieruut
485 2215 585 2280 etiam
595 2216 777 2306 separatim
783 2262 794 2295 ,
812 2216 959 2305 primum
970 2216 1110 2285 Viennce
1130 2221 1231 2302 1513,

161 2323 261 2409 in·ri⁰.
281 2320 403 2390 edente
417 2317 537 2386 toach.
555 2320 733 2402 Vadiano,
754 2320 817 2385 suh
832 2318 931 2386 titulo
949 2348 957 2388 ε
972 2325 1105 2390 Donati
1112 2375 1124 2400 ,
1142 2328 1212 2392 sive
1219 2378 1229 2408 ,

160 2445 201 2498 ut
213 2430 270 2496 alii
277 2429 407 2510 volunt,
421 2427 597 2509 Lactantii,
615 2440 806 2516 argumenta
818 2429 1063 2518 compendiaria
1077 2433 1112 2496 iu
1122 2431 1235 2498 Fabu-

161 2536 210 2609 las
221 2537 365 2628 potiores
378 2531 553 2600 Ovidianu
567 2536 885 2626 Metamorphoseos.
900 2538 977 2626 Ipse
989 2535 1159 2604 Vedianus
1171 2564 1233 2606 nec

162 2645 288 2712 Donati
302 2667 365 2710 nec
377 2637 542 2708 Lactantii
555 2666 623 2710 esse
638 2643 790 2734 putabat.
808 2646 848 2710 lu
863 2643 935 2709 aliis
952 2643 1177 2727 editionibus,
1196 2659 1234 2712 ut

162 2751 272 2842 Lugd.
296 2752 399 2833 1510,
415 2749 473 2817 lol.
494 2772 565 2816 cum
586 2753 679 2818 Petri
700 2753 818 2819 Lavini
833 2755 920 2820 notis
937 2765 971 2819 et
986 2752 1094 2844 liaph.
1112 2754 1229 2844 Regii,

163 2869 198 2925 et
210 2857 310 2926 Basil.
332 2856 433 2942 1543,
458 2880 537 2922 cum
554 2854 707 2942 ejusdem
727 2857 821 2950 Regii
837 2871 870 2925 et
884 2860 955 2926 Jac.
976 2857 1109 2950 Micylli
1123 2861 1229 2943 notis,

156 2965 332 3037 ‚habentur
346 2965 412 3032 sub
427 2967 562 3033 nomine
577 2966 747 3032 Lacwmii
759 2965 899 3033 Placidi.
918 2971 958 3036 In
972 2969 1117 3059 antiquis
1130 2968 1232 3036 Codi-

162 3077 256 3144 cibus
274 3077 507 3166 manuscriptis
533 3087 567 3140 et
588 3072 738 3141 editione
758 3073 888 3142 Veneta
904 3078 982 3141 anni
1010 3074 1112 3158 1486,
1135 3101 1231 3167 argu-

163 3196 273 3254 menta
291 3183 373 3251 libri
390 3185 457 3254 XV
474 3181 719 3250 desiderantur.
742 3183 885 3249 Ioannes
905 3185 1017 3273 itaque
1039 3182 1227 3266 ltaeuerius,

163 3295 213 3358 uti
223 3293 328 3361 multa
340 3294 403 3361 alia
412 3291 545 3360 addidit
552 3342 563 3375 ,
580 3294 626 3357 ita
633 3290 714 3356 libri
729 3289 795 3357 XV
805 3302 998 3381 argumenta
1009 3293 1177 3384 supplevit
1192 3317 1231 3360 ex

163 3399 259 3491 Regii
267 3403 511 3469 commentariis
526 3423 612 3492 :quo
623 3400 757 3466 nomine
769 3396 922 3472 laudetur
932 3401 1114 3485 struthio,
1127 3405 1225 3484 Vlll,

168 3532 229 3601 17,
246 3507 408 3592 uivere,
427 3512 506 3603 quia
520 3507 678 3601 putabet,
703 3508 844 3598 Regium
860 3532 918 3575 sua
937 3533 975 3575 ex
991 3509 1227 3603 integrioribus

164 3618 292 3684 Lutatii
320 3616 561 3709 exemplaribus
585 3618 743 3684 hausisse.
772 3616 840 3684 Sed
864 3617 982 3686 Victor
1007 3605 1173 3686 Giselinus
1197 3630 1231 3685 et

164 3725 290 3790 Thom.
314 3723 497 3792 Munkerua
512 3727 702 3794 Reuerium
720 3724 992 3819 reprehendunt,
1015 3722 1106 3816 quod
1124 3722 1230 3792 aliena

164 3833 349 3901 Lutatianis
365 3831 585 3904 admiscuerit.
602 3834 673 3906 Sed
686 3834 742 3902 illa
757 3850 945 3927 argumenta
964 3836 1179 3927 reperiuntur
1198 3848 1232 3904 et

164 3947 200 4008 iu
225 3941 373 4008 editione
397 3943 567 4010 Parmensi
597 3944 700 4030 1480,
728 3942 964 4037 uudellegius
984 3943 1111 4009 sumsit.
1136 3942 1231 4010 Idem

164 4049 368 4134 illuuiem,
381 4048 733 4138 collatisGiseliniana,
749 4053 926 4145 Hervagii,
941 4051 1230 4133 Birkmuuuorum,
