2768 4694
148 353 207 402 rra
474 338 513 402 P.
548 332 724 403 OVIDII
750 334 884 402 VITA

141 505 221 552 sam.
241 475 280 550 ld
300 474 386 550 enim
402 504 470 551 non
496 477 617 551 evincit
639 476 757 550 Statius
779 477 821 553 ab
839 493 984 575 utroque
1006 473 1047 548 cl.
1078 476 1152 549 rim
1178 478 1215 551 in
1286 508 1288 512 ·

144 593 289 668 medium
296 592 462 695 prolatus,
480 595 582 695 etqui
596 592 688 669 solus
701 593 836 695 quidem
849 594 945 667 istius
958 593 1131 695 opinionis
1131 595 1215 692 sun-

144 706 203 781 dus
226 703 400 787 Rubenio,
426 706 495 806 ejus
519 706 674 783 assertori
699 706 829 808 primo,
847 705 977 780 dicitur.
1007 704 1068 781 lllc
1090 705 1152 780 lib.
1170 710 1213 795 V,

97 816 100 843 ²
143 819 229 921 Sylv.
245 840 292 912 11,
310 821 380 896 haec
397 821 439 894 ad
456 821 671 923 Crispinum:

306 951 351 1008 Sic
363 963 405 1020 te,
418 952 487 1007 dare
497 972 580 1023 puer,
593 953 714 1023 genitum
726 951 774 1005 sibi
787 958 859 1007 cunii
870 951 968 1016 sensit,

310 1043 454 1113 Primaque
463 1049 572 1112 patritia
582 1043 674 1098 clausit
685 1041 792 1111 vestigia
805 1044 895 1095 Luna:

307 1134 373 1187 Mor
385 1135 481 1205 Tyrios
494 1154 525 1187 ex
537 1153 611 1188 more
623 1133 710 1199 sinus,
724 1132 893 1201 tunicamque
904 1138 1041 1200 potentem

303 1223 444 1295 Agnovere
457 1224 577 1288 humeri;

143 1343 220 1429 ubi,
238 1358 335 1414 notat
347 1340 524 1415 Rubenius
537 1351 559 1429 ¹,
577 1375 594 1406 «
610 1369 681 1413 non
695 1339 833 1414 dubium
845 1356 909 1426 est,
922 1366 981 1440 per
994 1337 1029 1412 T
1015 1339 1107 1444 yn'os
1118 1340 1211 1427 sium,

149 1491 165 1522 »
185 1473 376 1559 praetextam
393 1454 554 1557 puerilem
568 1485 577 1542 ;
595 1483 656 1556 per
670 1457 802 1529 turriam
814 1470 989 1555 potentem,
1020 1453 1215 1531 laticlaviam

149 1605 165 1633 »
185 1569 358 1664 designari.
376 1601 393 1634 »
411 1568 600 1669 Crispinum
614 1586 722 1643 autem
738 1586 816 1642 tunc
830 1568 989 1670 temporis
1002 1567 1149 1642 nondum
1163 1568 1214 1641 ri-

144 1685 236 1761 rilem
253 1705 365 1782 togam
382 1687 556 1775 sumsisse,
574 1686 653 1762 satis
666 1687 713 1761 ait
729 1715 767 1760 ex
784 1685 826 1760 iis
843 1715 914 1787 quae
927 1703 1111 1788 sequuntur
1122 1712 1214 1760 com-

145 1819 276 1902 pertum
292 1832 300 1875 ε

309 1925 365 1977 Nec
377 1925 469 1979 saltem
484 1925 581 1977 teneris
594 1934 696 1979 ostrum
708 1923 808 1995 puerile
820 1923 920 1978 lacertis

309 2014 405 2081 Exuit,
419 2013 567 2083 albentique
580 2014 705 2070 humeros
716 2013 818 2069 induxit
830 2015 935 2069 amictu.

145 2130 192 2203 At
206 2156 302 2216 vero,
317 2145 356 2201 ut
369 2129 493 2228 optime
507 2131 628 2225 regerit
638 2129 806 2204 Ferrarius
817 2139 841 2217 ²,
855 2147 953 2231 poeta
965 2146 1136 2230 postremo
1148 2131 1212 2206 hoc

146 2241 220 2317 loco
229 2244 444 2345 conqueritur
455 2263 602 2345 ereptum
612 2245 690 2320 latis
698 2264 885 2346 parentem,
901 2275 1004 2348 quum
1011 2245 1118 2320 adhuc
1132 2275 1214 2346 puer

145 2377 231 2435 esset
255 2358 457 2459 Crispinus,
486 2378 519 2434 et
535 2377 771 2462 praetextatus,
800 2380 898 2462 atque
915 2363 960 2435 ita
978 2391 1047 2434 non
1065 2363 1214 2462 potuisse

145 2475 302 2549 interesse
316 2472 377 2547 filii
395 2475 568 2564 tirocinio,
586 2493 620 2549 et
638 2492 722 2570 toga
737 2475 841 2550 virilis
859 2476 1070 2552 solemnitati.
1097 2478 1215 2551 Proxi-

143 2593 205 2672 mis
222 2594 309 2668 enim
323 2592 493 2667 versiculis
511 2592 637 2667 Statius
653 2592 834 2666 cecinerat:

306 2739 362 2793 Nec
373 2746 471 2807 genitor
482 2740 553 2808 juxta
566 2757 572 2789 :
585 2737 644 2792 satir
657 2757 770 2808 namque
785 2739 891 2792 haustus
903 2738 998 2809 iniquis

312 2832 429 2892 Occidit,
442 2829 507 2883 lien!
521 2829 653 2898 geminam
663 2831 763 2898 prolem
776 2831 825 2885 sub
837 2830 944 2901 praeside
958 2830 1087 2902 linquens.

310 2921 365 2974 Nec
376 2919 468 2973 saltem
479 2959 486 2986 ,
500 2929 549 2973 etc.

64 3032 67 3037 ’
145 3038 224 3111 Hac
241 3034 345 3131 igitur
359 3036 494 3109 omnino
517 3034 763 3124 demonstrant,
784 3036 975 3138 Crispinum
998 3036 1063 3134 jam
1084 3037 1210 3114 virilem

145 3172 257 3250 togam
272 3153 437 3239 induisse;
453 3151 606 3253 idemque
622 3154 834 3243 confirmant,
851 3181 924 3253 quae
942 3171 1148 3253 sequnntur:

312 3299 405 3369 Quem
416 3317 472 3353 non
485 3300 630 3371 corrumpit
637 3306 717 3370 pubes
726 3299 847 3355 effrena?
860 3320 979 3370 noveque

310 3390 429 3444 Libertas
441 3402 579 3461 properata
588 3395 672 3461 toga?
687 3403 735 3447 ete.

143 3507 237 3605 Quin
249 3506 316 3579 imo
333 3504 478 3597 Statius,
495 3536 577 3583 vers.
602 3534 663 3597 12,
682 3523 840 3594 testatur,
858 3509 1051 3607 Crispinum
1065 3526 1145 3583 tunc
1166 3509 1209 3580 16

143 3623 247 3698 aetatis
264 3648 387 3695 anunm
404 3624 531 3720 egisse:

307 3810 314 3822 .
327 3810 334 3824 .
347 3809 354 3822 .
370 3782 396 3824 et
409 3781 511 3826 octonos
525 3772 565 3822 br's
576 3771 630 3838 jam
643 3768 687 3824 tibi
699 3767 791 3823 circuit
802 3771 873 3821 orbes

308 3862 379 3914 Vita.

179 4008 187 4036 ¹
206 4003 247 4056 De
263 4004 302 4056 Re
316 4001 418 4055 vestiar.
430 3999 473 4053 lib.
486 3999 513 4064 l,
526 4018 580 4068 cap.
595 4003 632 4067 ¹4·

177 4087 190 4117 ¹
207 4084 323 4140 Anatecc
335 4105 389 4154 cap.
403 4103 443 4137 ac.
