2768 4694
58 363 59 366 ’
156 343 199 409 62
553 341 835 410 EXCURSUS

149 479 256 567 =rostri
269 478 459 553 aduncitate
472 509 532 579 per
548 508 619 554 eam
636 509 671 555 se
687 499 814 583 partem
831 479 985 583 proluere
1002 482 1143 557 insitum
1161 504 1229 573 est,

163 624 226 696 qua
248 594 435 669 redduntur
458 595 609 669 ciborum
628 625 747 685 onera,
770 614 809 671 ut
830 597 1041 672 Minutiauus
1070 629 1229 695 gramma·

159 711 244 784 ticus
253 711 341 812 apud
356 709 496 787 Coelinm
507 712 752 808 Rhodiginum,
765 713 875 816 Antiq.
892 714 1030 815 lectior.
1047 714 1106 790 lib.
1122 720 1226 795 xssl,

159 857 229 928 cap.
257 856 302 916 13
331 825 500 915 Alciatus,
523 825 716 901 Emblemute
740 826 810 914 863
837 832 1010 916 Zarottns,
1028 849 1062 904 et
1079 831 1229 934 plerique

164 946 452 1043 grammaticorum
464 945 668 1031 existiman
687 974 747 1017 nec
766 945 881 1032 etiam,
899 947 991 1046 quod
1011 946 1145 1021 libellu's
1159 947 1228 1022 Cal·

161 1064 292 1139 limachi
307 1063 387 1138 diris
402 1081 434 1137 et
453 1062 732 1136 exsecrationibus
743 1062 997 1152 essetrelertus,
1013 1094 1084 1165 quae
1097 1093 1227 1167 serpen-

160 1184 244 1257 tium
263 1183 384 1266 instar,
406 1181 529 1281 quibus
543 1180 612 1254 lbis
626 1181 786 1264 vescitur,
804 1178 1022 1280 Apollonium
1037 1184 1228 1259 morderent

158 1323 196 1370 ac
213 1294 397 1370 lacerarent
424 1293 525 1392 (quae
547 1294 706 1366 sententia
725 1312 774 1366 est
795 1292 887 1367 Laelii
905 1294 1056 1369 Bisciolae
1074 1297 1117 1370 in=
1132 1299 1228 1373 Horis

157 1411 330 1494 subcesr'rri,
347 1407 405 1481 lib.
418 1410 465 1493 V,
475 1401 544 1508 cap.
561 1407 620 1503 18)
639 1439 648 1482 ε
666 1409 723 1481 sed
734 1427 772 1481 ut
784 1408 1001 1510 Apollonius,
1017 1413 1075 1511 qui
1087 1412 1227 1489 Alexan-

161 1524 276 1598 drinus
297 1521 387 1607 crat,
412 1519 522 1621 aliqua
548 1550 587 1594 ex
609 1540 701 1621 parte
719 1523 928 1598 indicaretur.
962 1525 1122 1620 Quamvis
1140 1529 1226 1602 enim

162 1638 318 1712 Rhodius
335 1637 516 1724 diceretur,
533 1635 793 1713 Alexandrinum
821 1656 929 1713 tamen
952 1639 1054 1715 luisse
1079 1643 1228 1742 prodidit

53 1837 58 1843 ,
160 1754 293 1841 Strabo,
302 1751 359 1826 lib.
374 1753 468 1838 XIV,
479 1779 555 1851 pag.
571 1751 617 1843 45
628 1752 814 1827 editionisa
829 1755 1027 1830 Casanhono
1040 1758 1227 1852 recognita,

160 1873 212 1946 his
229 1872 339 1945 verbis
357 1902 365 1943 ε
385 1878 536 1952 Διονύσιος
556 1875 588 1942 δὲ
609 1875 749 1969 tepet,
765 1878 813 1944 καὶ
833 1861 1021 1954 Ᾱποὶᾶώνιος
1042 1882 1057 1946 ὁ
1080 1880 1147 1956 τοὺς
1165 1865 1225 1975 lp-

162 1998 304 2085 γοναύτας
326 2005 467 2074 ποιήσας,
482 1982 669 2087 Ᾰλεξανδρεῖς
684 1997 757 2086 μὲν,
773 1999 926 2065 ἐκαλοῦντο
939 1985 1093 2067 dil’o‘dtot·
1109 2029 1126 2059 «
1140 1995 1226 2069 llio·

162 2143 179 2173 »
200 2109 313 2207 nysius
325 2134 402 2179 vero
415 2107 542 2193 Thrax,
556 2126 590 2180 et
603 2107 818 2208 Apollonius,
829 2110 1130 2205 Argonautioorum
1144 2139 1226 2184 con-

163 2259 181 2291 »
202 2225 308 2309 ditor,
326 2221 540 2296 Alexandrini
563 2223 695 2322 quidem
716 2224 867 2309 lirerunt,
885 2223 941 2297 scd
964 2226 1123 2298 nominati
1149 2245 1226 2300 suut

163 2376 180 2408 n
201 2339 368 2416 Rhodii.»
390 2329 572 2420 Ᾰπολλώνιος
583 2339 701 2412 Suidas
717 2372 725 2414 τ
741 2331 935 2440 Ᾰὶεξανδρεὺς
950 2349 1027 2415 ἐπῶν
1037 2353 1152 2424 ποιητὴς
1163 2348 1226 2415 δια-

161 2467 263 2560 τρίψας
275 2466 303 2531 ἐν
319 2450 421 2552 Ῥόδῳ,
434 2466 494 2538 υἱὸς
507 2465 639 2537 Erillus.
656 2460 930 2561 ltemanonymus
941 2479 1065 2545 auctor,
1076 2463 1132 2560 qui
1146 2463 1226 2535 scri-

162 2579 317 2679 psitye‘voe
334 2563 575 2649 Ᾰπολλτιινιόυτοῦ
591 2569 706 2648 Podr'oo·
722 2602 909 2676 quanquam
919 2576 1079 2664 AElianus,
1095 2577 1133 2649 de
1145 2580 1226 2651 Ani-

162 2692 304 2776 malibus,
321 2689 379 2764 llb.
391 2693 466 2776 XV,
475 2720 545 2790 cap.
559 2688 623 2775 23,
644 2717 717 2762 eum
732 2688 954 2763 Naucratitam
968 2690 1072 2764 sarcre
1086 2690 1222 2764 videtur.

162 2809 227 2880 Sed
235 2826 403 2908 utcunque
414 2824 477 2893 est,
488 2806 656 2906 AEgyptus
666 2807 768 2905 patria
781 2806 1042 2881 suit:Naucratis
1050 2807 1135 2881 enirn
1143 2809 1224 2882 urbs

162 2938 212 2992 est
225 2922 375 3021 AEgypti.
393 2919 737 3018 Quamobremlonge
749 2920 905 2994 falliturJ
908 2950 1030 2995 oannes
1044 2924 1222 3014 Mennim,

163 3038 237 3139 qui,
249 3037 447 3142 &maborno
457 3035 496 3109 de
507 3037 701 3137 Apellam&
717 3066 779 3138 pro
793 3036 929 3110 dirersis
942 3037 1041 3111 hahet
1053 3039 1222 3113 Rhodium

163 3169 196 3224 et
210 3150 493 3238 Alexandrinum,
507 3149 598 3223 Sillei
608 3149 734 3238 lilium,
750 3150 807 3252 qui
818 3151 1031 3223 Eratostheni
1044 3152 1077 3221 in
1088 3152 1224 3225 Alexan·

163 3270 265 3343 drinae
288 3266 500 3342 bibliothece
517 3267 710 3368 profectura
731 3265 897 3339 successit.
923 3266 1066 3339 Ovidius
1091 3285 1221 3356 auteur,

164 3384 355 3462 Callimachi
377 3384 528 3484 exemplo
544 3384 712 3458 inimicum
730 3410 831 3456 suurn-
845 3383 920 3456 lbin
935 3384 1118 3484 ‘appellasse
1129 3384 1224 3459 ride-

164 3523 233 3588 tur,
252 3500 526 3601 quemadmodum
543 3499 674 3575 'l'ullins
684 3499 871 3574 'Orationes
886 3528 961 3572 suas
974 3502 1224 3593 inhntonium,

164 3615 621 3701 Demosthenis-imitatione,
634 3613 843 3715 ‘Philippicas
861 3616 1044 3715 inscripsit,
1061 3617 1109 3688 oti
1129 3618 1223 3692 etlam

162 3737 294 3830 Trogus
309 3731 488 3830 Pompeius
501 3730 758 3815 historiassuas,
773 3729 976 3803 aemulatione
992 3730 1235 3834 Theopompi,

108 3913 110 3922 .
164 3856 221 3954 qui
245 3848 451 3950 Philippicas
463 3848 654 3948 scripserat:
674 3846 746 3920 ‘Sed
762 3847 868 3942 magis
885 3866 935 3922 est
951 3867 988 3921 ut
1005 3853 1133 3925 credam
1156 3857 1224 3925 Na-

163 3970 254 4041 sonis
271 3967 489 4042 adrersarium
507 3965 612 4037 lbidis
623 3963 762 4038 marine
777 3963 1002 4059 designatum,
1021 3969 1110 4068 quod
1129 3970 1223 4038 isre-

164 4111 236 4154 vera
249 4084 426 4186 AEgyptius
435 4099 540 4172 esset,
553 4108 619 4182 qna
631 4073 717 4164 dere
730 4085 879 4182 sequenti
892 4085 998 4184 capite
1009 4086 1221 4158 disseremus:
