2768 4694
357 309 1011 425 'nusurrnrrosunrrours
1150 307 1217 400 2⁴9

154 454 263 555 lapide
275 469 400 526 structo
414 479 506 551 aquae
522 450 641 538 ductu,
656 476 783 523 summo
799 465 1012 535 ornamento,
1026 473 1218 546 summaque

156 567 386 644 commoditate
398 594 457 666 per
475 565 614 638 mediam
632 563 747 637 urbem
763 561 906 649 labitur,
927 561 1089 661 quaetio
1110 561 1218 635 hortis

156 703 189 759 et
200 681 323 782 campis
336 680 483 776 rigandis
501 696 641 752 utuntur
657 677 788 770 coloni)
804 675 886 750 alter
902 703 998 761 vero,
1023 703 1121 775 quem
1141 673 1218 749 t'el·

155 799 219 873 lam
236 795 427 890 dicimus,a
444 792 598 891 Majella,
615 810 654 865 ut
670 821 758 866 nunc
775 789 962 892 loquimur,
979 791 1126 865 omnium
1138 819 1219 865 nos·

156 934 279 990 trorum
297 909 463 984 montium
479 907 661 994 altissimo,
682 907 769 995 exit,
788 923 902 1007 estque
925 905 958 979 in
982 924 1099 1005 quarta
1120 905 1222 981 ltaliae

154 1029 303 1125 regione,
315 1042 397 1099 teste
407 1022 517 1095 Plinio
527 1078 536 1109 ,
548 1023 689 1121 atquein
701 1020 864 1116 Pelignis3
875 1021 992 1120 (vulgo
1005 1049 1093 1094 nnnc
1106 1021 1223 1116 Valra)

156 1145 213 1245 qui
223 1143 266 1217 ab
277 1140 416 1215 Oriente
424 1137 527 1210 habet
535 1138 726 1225 Frentanos;
737 1136 902 1211 aMcridie
912 1136 1074 1209 Samnites
1084 1154 1117 1208 et
1127 1139 1226 1210 Cam·

157 1287 265 1362 panos
278 1286 288 1346 3
300 1257 342 1330 ab
360 1259 491 1329 Occasu
503 1255 635 1328 Marsos
650 1284 658 1339 ;
677 1284 694 1327 a
715 1253 955 1354 septemtrione
970 1254 1178 1327 Marrucinos
1191 1273 1225 1329 et

159 1373 331 1447 Vestinos.
348 1371 431 1469 Ejus
447 1369 587 1444 ambitus
602 1370 643 1442 ad
661 1369 748 1443 mille
764 1398 901 1470 passus,
921 1396 1025 1470 eoque
1039 1369 1138 1444 etiam
1154 1399 1222 1444 am-

162 1491 255 1594 plius
265 1489 446 1591 porrigitur
459 1517 467 1560 :
478 1505 581 1587 porta
591 1487 731 1588 publica
742 1487 913 1588 praecipnae
925 1505 1001 1561 octo
1014 1506 1109 1573 sunt,
1123 1489 1224 1565 urbes

163 1603 264 1681 ltalia
276 1603 342 1678 fere
357 1632 490 1691 omnes,
505 1631 578 1703 qua
592 1604 832 1676 mediterranea
853 1622 951 1689 sunt,
967 1602 1178 1678 edificiorum
1193 1622 1226 1678 et

161 1722 244 1797 situs
260 1717 504 1820 pulchritudine
520 1716 655 1819 caelique
671 1717 864 1793 salubritate
879 1716 920 1791 ab
937 1717 998 1806 iis,
1016 1719 1074 1819 qui
1097 1717 1224 1792 ltaliam

160 1835 265 1938 ipsam
278 1835 433 1910 obierunt
441 1834 644 1922 universam,
658 1834 826 1934 adaquare
840 1829 1045 1909 adfirmatur:
1060 1835 1226 1937 habetque

162 1952 353 2048 insingulis
368 1952 512 2039 siarum,
529 1970 569 2026 nt
586 1952 632 2025 ita
648 1951 806 2039 dixerim,
825 1951 991 2053 capitibus
1007 1953 1157 2049 ingentes
1174 1980 1226 2028 ca-

163 2086 252 2143 tenas
274 2067 415 2156 ferreas,
437 2067 623 2164 gladiorum
643 2067 767 2142 ictibus
790 2070 911 2167 passim
937 2069 1077 2156 incisas,
1102 2070 1225 2170 quibus

161 2184 252 2283 jactis
271 2183 462 2270 etextensis
477 2183 585 2258 nostri
597 2183 685 2257 cives
698 2182 740 2257 ad
754 2185 882 2282 equites
894 2204 927 2259 et
943 2185 1100 2260 arcendos
1118 2204 1148 2259 et
1163 2187 1227 2258 im-

163 2300 342 2400 pediendos
357 2327 399 2371 ne
415 2325 475 2397 per
490 2298 605 2373 urbem
628 2298 732 2373 libere
754 2320 970 2395 vagarentur,
995 2321 1087 2376 etue
1105 2301 1228 2401 diripe-

163 2437 249 2504 rent,
267 2416 317 2491 vel
332 2416 493 2515 ejusmodi
505 2416 588 2504 alia,
605 2446 676 2517 quae
688 2416 810 2492 milites
823 2415 949 2508 solent,
968 2419 1152 2502 efficerent,
1169 2447 1228 2491 an-

165 2532 307 2630 tiquitus
322 2531 510 2604 utebantur.
535 2531 661 2629 Qarum
679 2532 810 2633 quidem
829 2548 1015 2605 catenarum
1031 2561 1096 2606 una
1118 2532 1227 2629 (nunc

168 2646 202 2716 in
215 2644 339 2717 nodum
353 2640 512 2732 collecta)
522 2647 811 2732 mearumadium,
824 2646 940 2746 quain
950 2643 1083 2745 publica
1097 2646 1147 2718 ria
1161 2646 1230 2719 sitae

169 2772 267 2842 sunt,
282 2783 354 2854 qua
368 2753 467 2849 vulgo
484 2756 513 2829 le
526 2770 693 2854 casaperta
704 2758 841 2846 dicitnr,
858 2758 1039 2859 parietibus
1052 2757 1157 2831 adfixa
1170 2778 1227 2833 est.

168 2871 307 2974 Templa
323 2873 457 2946 summis
475 2871 619 2946 adificiis
635 2890 794 2951 exstructa
808 2895 905 2962 sunt,
924 2877 965 2948 I).
983 2875 1149 2977 Pamphili
1175 2906 1228 2951 ca-

169 2986 334 3074 thedrale,
349 2986 466 3088 inquo
483 3008 533 3062 xlt
549 2987 942 3066 canonicorumnumerus
957 3008 1069 3080 est,et
1082 2991 1228 3092 episcopi

169 3104 270 3191 ades,
290 3131 428 3205 quarum
451 3132 568 3200 magna
593 3131 669 3204 pars
694 3102 930 3200 elegantissime
954 3105 1131 3181 instaurata
1156 3124 1227 3182 est:

171 3220 211 3292 D.
229 3221 344 3295 Maria
358 3221 596 3305 Annuntiatae,
613 3219 708 3318 cujus
724 3247 834 3295 annuo
851 3222 958 3307 reditu
973 3241 1007 3296 et
1019 3221 1231 3324 eleemosynis
1251 3291 1258 3333 Ι

170 3339 279 3432 aegroti
292 3337 444 3438 hospites
455 3366 554 3438 quam
565 3336 812 3433 diligentissime
823 3357 996 3413 curantur:
1007 3341 1103 3439 pueri
1116 3368 1230 3440 quam-

170 3448 302 3546 plurimi
318 3450 465 3550 nndique
480 3450 641 3553 expositi,
660 3477 887 3552 pauperesque
904 3480 1015 3526 omncs
1030 3470 1095 3526 tam
1108 3470 1230 3525 nostra

172 3563 279 3650 urbis,
297 3593 396 3664 quam
410 3564 549 3654 externi,
561 3564 641 3639 satis
651 3566 823 3640 commode
835 3586 868 3641 et
878 3565 1028 3653 aluntur,
1044 3585 1076 3640 et
1088 3566 1232 3640 vcstiun-

173 3698 246 3754 tur:
262 3683 302 3753 D.
317 3682 502 3769 Franeisci,
521 3683 555 3755 in
569 3711 638 3783 qno
651 3681 769 3755 fratres
779 3681 1025 3773 conventuales,
1040 3699 1079 3755 nt
1093 3694 1229 3763 vocant,

171 3795 269 3868 vitam
287 3794 411 3889 degunt
427 3826 435 3868 :
451 3795 512 3872 alia
525 3798 600 3871 DI).
617 3795 798 3892 Augustini
813 3811 847 3868 et
860 3795 1044 3881 Dominici,
1057 3795 1092 3867 in
1106 3792 1229 3893 quibus

171 3910 290 3983 horum
317 3908 485 3985 nominum
506 3911 664 3988 moniales
686 3928 773 3987 sunt.
803 3911 918 3986 lnhoe
932 3928 992 3984 aut
1007 3906 1228 3993 dialecticam,

171 4044 227 4108 aut
245 4024 341 4100 aliam
357 4022 576 4127 philosophia
587 4045 713 4129 par-tem
730 4029 995 4130 interpretantur.
1017 4026 1059 4098 l).
1076 4020 1229 4112 Nicolai,
