2768 4694
145 376 1208 420 Μ

504 533 841 619 EXCURSUS

292 773 394 904 IN
443 768 769 905 OVlDll
810 764 1050 917 IBIN,

202 1047 464 1116 sucrons
493 1047 538 1112 n.
566 1042 867 1111 sseviunro
898 994 1133 1112 nonsslo.

540 1229 824 1259 *—

540 1488 747 1598 sinor
783 1514 817 1597 1.

138 1726 251 1770 'notros
268 1725 340 1766 nuic
356 1723 502 1766 murto
517 1723 618 1763 mnus
636 1721 792 1762 Autronios!
814 1727 820 1761 t
840 1720 988 1762 nonnum
1009 1723 1108 1763 TAMEN
1130 1728 1160 1764 tn
1178 1729 1213 1766 tto

214 1817 388 1866 summi,
408 1816 511 1866 onnus
524 1812 684 1852 xnuutltnts
700 1813 793 1852 OEDIPO
809 1814 862 1853 m
878 1807 990 1852 stmt't
1006 1816 1050 1854 siu
1068 1817 1143 1856 OPUS.

145 1978 293 2108 Quiri
311 2008 616 2111 perminimum
629 2006 670 2081 as
683 2004 958 2081 ominosum
971 2007 1005 2079 in
1023 2009 1098 2082 nn
1119 2035 1213 2085 enas

143 2127 285 2202 randum
293 2122 422 2226 adpuli,
436 2122 519 2196 nihil
529 2123 612 2197 mihi
626 2125 719 2224 prius
730 2129 828 2222 atque
840 2123 1009 2223 sistiquius
1019 2125 1099 2214 suit,
1113 2154 1210 2226 quum

143 2263 180 2320 ut
197 2244 366 2330 omnium,
385 2240 443 2342 qui
463 2241 503 2313 de
518 2240 583 2313 hoe
599 2238 714 2313 libello
732 2239 816 2312 bene
834 2240 941 2313 meriti
960 2259 1090 2329 essent,
1109 2244 1213 2316 Com-

143 2361 324 2458 mentarios
342 2357 488 2457 undique
507 2357 710 2458 perquisitos
726 2354 904 2431 evolverem
924 2356 1117 2432 :enimvero
1137 2357 1213 2458 plu-

146 2477 222 2549 rimi
237 2494 309 2550 tum
325 2489 457 2560 nostra,
477 2490 547 2546 tum
564 2490 747 2573 patrumm
764 2500 896 2547 avorum
909 2475 1085 2562 memoria,
1104 2475 1138 2546 in
1149 2476 1213 2548 hoe

147 2590 328 2690 poematio,
347 2605 501 2689 tanquam
518 2587 553 2659 in
569 2586 746 2688 Olympico
760 2587 869 2660 stadio
885 2615 954 2659 non
971 2589 1052 2661 eitru
1069 2588 1214 2687 pulveris

148 2697 273 2778 tactum
286 2701 498 2777 desudarunt.
517 2702 669 2798 Quorum
681 2698 843 2776 vetustior
852 2707 958 2785 ἄδηλος
970 2705 1094 2779 ceteris
1110 2704 1213 2781 soeem

145 2820 297 2925 protulit
313 2819 396 2894 :sed
412 2855 429 2885 α
445 2821 515 2919 ejus
532 2819 669 2907 sminia,
684 2855 701 2885 o
715 2821 825 2920 inquit
838 2821 1005 2897 Adrianus
1017 2824 1212 2913 Turnebus,

144 2937 321 3012 Adversur.
345 2934 407 3008 lib.
428 2938 502 3025 lx,
528 2965 600 3037 cap.
622 2935 696 3020 25,
727 2969 745 3000 s
765 2934 820 3011 atii
837 2936 1032 3036 interpretes
1053 2940 1213 3041 compila-

148 3088 167 3119 »
186 3068 283 3139 runt;
301 3070 335 3124 et
350 3050 490 3151 scripto,
507 3051 570 3125 etsi
587 3051 760 3138 mendosa,
779 3052 867 3124 unde
886 3069 993 3124 tamen
1010 3053 1113 3129 multa
1131 3057 1211 3130 odo-

149 3203 166 3235 »
184 3169 251 3242 rari
262 3185 469 3268 poteramus,
494 3185 757 3267 suppmsserunt.
781 3201 797 3233 o
819 3171 891 3242 Nos
905 3167 998 3242 ilium
1015 3170 1139 3245 tamdiu
1154 3172 1211 3247 de-

147 3286 327 3361 sideratum
351 3284 388 3357 in
411 3282 519 3357 lucem
538 3281 691 3369 edusius,
714 3283 771 3358 sed
792 3284 895 3371 euim,
917 3285 992 3386 qnia
1009 3286 1105 3362 foedis
1124 3287 1213 3382 glos-

147 3403 278 3478 sematis
295 3430 334 3474 ac
354 3398 578 3502 supposititiis
593 3416 767 3474 auctorum
796 3401 993 3475 testimoniis
1020 3403 1213 3501 inquinatus

146 3536 217 3605 est,
236 3545 354 3592 aurum
370 3545 409 3591 ex
424 3517 497 3615 ojus
509 3532 651 3590 stercore
666 3514 897 3612 colligendum.
914 3519 1014 3590 Anno
1027 3547 1102 3591 vero
1114 3546 1212 3617 supra

150 3630 358 3708 millesimum
373 3650 492 3734 quater
509 3630 685 3706 centesimo
706 3634 919 3730 nonagesimo
943 3634 1077 3735 quinto,
1096 3633 1213 3706 Domi-

152 3744 222 3817 tius
244 3745 437 3822 Colderinus
460 3748 657 3822 Veronensis
687 3748 721 3820 in
744 3747 779 3820 id
802 3766 874 3821 toto
890 3767 1022 3849 pectore
1037 3745 1212 3834 incubuit;

149 3857 203 3932 vir
219 3857 351 3957 quidem
367 3859 514 3960 plurim
530 3861 566 3933 iu
581 3860 700 3934 litteris
715 3860 900 3949 industriae,
916 3864 973 3963 qni
986 3889 1087 3960 quum
1099 3861 1214 3932 Romae

148 3972 387 4074 profiteretur,
406 3994 440 4050 et
455 3975 595 4051 obseura
613 3976 783 4051 duriorum
800 3996 972 4080 poetarum
989 4000 1082 4047 sensa
1099 4001 1215 4047 recon-

150 4093 225 4168 ditae
251 4091 409 4168 lectionis
432 4087 611 4170 adini'mbili
627 4096 817 4170 testimonio
833 4094 1045 4178 dilucidaret,
1062 4090 1213 4166 litterarii
