2768 4694
375 419 380 427 ·
476 320 573 388 PER
599 323 631 387 J.
664 319 888 389 Messon.
1154 324 1211 388 181

154 501 170 532 u
190 482 283 541 retur
299 488 415 547 manes
432 460 525 562 qnod
543 479 621 535 tuuc
639 462 748 536 tribus
765 480 840 535 ante
857 459 969 536 Solem
988 478 1115 550 ortum,
1132 462 1217 538 dua-

157 617 173 647 »
191 583 260 656 bus
279 598 355 655 ante
379 579 540 653 Auroram
564 578 658 652 horis
677 581 736 676 (ut
752 580 876 653 ibidem
892 578 1081 672 iudicatur)
1097 577 1218 654 lactum

158 734 174 763 υ
194 697 292 799 plane
307 697 444 772 videtur.
472 695 625 794 Denique
644 724 746 795 quum
763 696 880 769 Tomos
897 721 1011 769 versus
1031 693 1218 788 navigaret,

157 848 174 879 »
195 813 276 889 mari
292 842 327 888 se
339 813 500 913 jactatum
516 839 616 883 meuse
628 811 693 909 jam
708 811 888 895 Decembri,
909 811 1028 884 diserte
1046 811 1133 884 canit
1144 810 1221 886 Ele·

156 963 173 992 »
192 929 246 1024 gia
261 927 410 1028 ejusdem
428 925 508 999 libri
526 924 660 997 decima.
681 926 825 998 Prorsus
840 944 879 1000 ut
898 924 1040 999 Ovidius
1056 925 1226 1000 Novembri

155 1079 171 1108 »
191 1045 448 1146 precipitante,
471 1043 580 1115 Roma
604 1040 817 1132 discesserit,
843 1061 914 1117 tum
937 1043 1128 1117 Brundusio
1154 1044 1222 1115 De-

154 1196 172 1224 »
191 1162 308 1234 cembri
322 1158 501 1235 solverit.»

203 1278 478 1362 Verum,uostro
488 1273 622 1375 quidem
630 1273 770 1371 judicio,
785 1276 929 1354 Nasonis
941 1276 1059 1364 verba,
1073 1275 1112 1348 de
1127 1277 1222 1348 Luna

155 1406 322 1465 uoctnmos
337 1391 404 1465 olto
416 1406 528 1490 mente
540 1418 648 1490 equos,
669 1418 738 1462 nou
751 1389 833 1464 adeo
845 1390 930 1465 clara
948 1409 1046 1480 sunt,
1065 1391 1147 1492 quin
1163 1420 1222 1491 per

157 1535 198 1582 ca
211 1506 309 1582 liceat
323 1507 519 1595 existimare,
537 1525 670 1608 poetam
683 1510 788 1582 Roma
801 1525 889 1593 uoto,
909 1537 1000 1609 aeque
1009 1538 1046 1584 ac
1053 1525 1141 1610 post,
1152 1509 1223 1608 pla-

154 1624 308 1698 m'lunimu
329 1610 458 1699 aliiisse.
489 1624 621 1698 Deinde
643 1653 745 1725 quum
761 1626 897 1700 nonnisi
921 1625 1031 1700 decem
1049 1626 1224 1699 minimum

152 1739 275 1815 diebus
290 1757 400 1844 petere
416 1738 634 1814 Brundisium
647 1739 809 1838 potuerit,
829 1757 927 1841 atque
939 1741 1064 1815 ibidem
1080 1740 1224 1841 aliquam

154 1857 265 1931 iacere
282 1864 426 1945 moram,
443 1856 546 1931 donee
562 1874 682 1930 ventus
698 1856 899 1951 navigationi
915 1857 1053 1944 saveret;
1072 1855 1148 1930 ideo
1164 1886 1226 1958 po·
1296 1890 1300 1895 ·

160 1973 226 2046 tuit
246 1972 344 2047 etiam
363 1970 505 2046 Ovidius
526 1969 578 2045 vel
603 1970 735 2047 labente
761 1969 905 2057 Octobri,
925 1970 976 2044 vel
995 1972 1127 2046 ineunte
1153 1974 1226 2047 No·

162 2087 276 2161 oenrbsi
298 2088 414 2160 llomae
436 2085 626 2161 valedicere.
649 2086 737 2160 Satis
760 2085 863 2181 igitur
887 2087 945 2173 sit,
964 2103 1054 2159 certo
1077 2085 1225 2180 novisse,

163 2232 236 2278 enm
254 2231 367 2278 meuse
381 2201 549 2276 Decembri
566 2202 630 2300 jam
651 2202 759 2277 navim
782 2202 982 2289 ascendisse,
999 2230 1035 2276 ac
1052 2201 1088 2274 iu
1108 2201 1229 2275 Adria·

165 2317 229 2392 tico
254 2316 336 2392 mari
361 2315 463 2389 fuisse
482 2345 491 2402 3
514 2333 611 2417 atque
640 2318 703 2391 snb
727 2316 867 2399 uuluumi
886 2315 1011 2403 finem,
1044 2313 1095 2389 vel
1116 2313 1229 2418 dyerms

166 2436 295 2510 initium
313 2437 348 2508 iu
365 2433 515 2508 exsilium
530 2435 635 2534 patria
650 2434 794 2538 pulsum.

210 2551 273 2624 lll.
290 2551 426 2621 Annum
441 2547 535 2648 quod
552 2548 684 2637 attinet,
701 2578 777 2625 eum
796 2547 1011 2648 sequentibus
1026 2545 1228 2641 argumentis

170 2667 361 2751 delinimus,
379 2667 503 2765 quibus
518 2665 614 2738 etiam
636 2666 674 2740 cl.
690 2668 847 2742 Norisius
863 2665 905 2739 ad
923 2692 1015 2738 suam
1037 2663 1228 2765 opinionem

173 2782 426 2855 confirmandam
441 2784 569 2857 abusus
584 2799 644 2857 est.
660 2783 804 2859 Primum
822 2812 861 2856 ex
885 2782 983 2854 Pont.
1006 2779 1065 2855 lib.
1086 2783 1147 2869 lv,
1163 2781 1226 2884 Ep.

175 2916 228 2986 vt,
248 2895 447 2986 desumitur,
463 2899 522 2972 ubi
540 2915 631 2971 vates
656 2896 752 2971 Fatt·
763 2899 906 2973 Maximi
928 2927 964 2972 ac
989 2897 1130 2998 Augusti
1145 2927 1231 2972 mou

174 3034 236 3090 tem
256 3012 452 3116 deplorans,
471 3013 518 3119 ait
530 3040 615 3109 vers.
638 3010 659 3082 5
676 3028 710 3086 et
725 3010 769 3087 6:
1060 3002 1063 3009 ¹

331 3149 364 3203 Iu
377 3149 482 3220 Scythia
494 3126 570 3203 nobis
580 3152 746 3217 quinquennis
765 3148 893 3219 Olympius
903 3159 958 3204 acta
970 3160 1024 3215 ests

363 3241 425 3336 {am
437 3251 542 3310 tempus
553 3239 731 3293 Insin'trausit
743 3238 771 3293 in
780 3244 890 3295 dunis.

178 3337 196 3425 κΙ
209 3359 262 3435 llli
277 3387 377 3446 vero,
395 3375 491 3433 notat
507 3356 787 3435 eminentissimus
800 3355 856 3430 ille
871 3357 937 3444 vir,
958 3385 975 3430 e
991 3358 1057 3430 vita
1074 3357 1234 3431 discesse-

178 3511 196 3543 »
211 3498 289 3553 runt
305 3507 396 3552 anno
411 3481 453 3552 U.
470 3479 509 3552 C.
529 3493 714 3566 Dcctxvss,
733 3504 800 3577 quo
817 3475 961 3562 Ovidius,
982 3494 1057 3551 aute
1074 3494 1150 3550 octo
1167 3475 1234 3546 fere

181 3624 198 3656 s
215 3622 355 3683 meuses,
370 3594 522 3668 luorum
512 3622 547 3666 m
565 3592 684 3668 exsilio
699 3590 904 3695 expleverat;
921 3597 1043 3670 etenim
1060 3591 1234 3692 Olympia·

180 3685 531 3812 »›deupr01touano
546 3710 653 3786 lustro
669 3709 873 3808 intelligit»

225 3825 356 3900 Scilicet
369 3829 529 3928 Augustus
550 3847 611 3901 tux
633 3824 768 3901 Sextilis
786 3824 840 3901 die
862 3826 964 3915 obiit,
982 3857 1020 3900 ac
1042 3821 1232 3924 proinde
1206 3852 1235 3897 si

178 3944 320 4020 Nasum
343 3942 490 4019 exsilium
510 3943 630 4019 abierit
651 3971 741 4017 anno
761 3944 804 4015 U
833 3944 871 4018 C
899 3960 1025 4019 lacem
1045 3963 1154 4012 mense
1174 3939 1238 4012 De

178 4061 319 4151 cumbri,
338 4078 377 4135 ut
389 4058 429 4133 cl.
442 4060 630 4148 vircenset,
647 4077 718 4134 tum
731 4075 830 4162 poeta
843 4059 971 4134 lustrum
987 4052 1165 4154 expleverit
1178 4056 1242 4130 De·
