2768 4694
467 358 565 426 usn
588 361 621 423 J.
648 354 873 423 nasson.
1140 360 1200 449 ιιι,

136 500 301 595 relegatus
322 497 385 579 sit,
415 515 453 570 ut
478 515 566 572 recte
593 496 738 593 Scaliger
760 497 960 581 arbitratum
987 494 1076 568 haud
1095 512 1202 569 tamen

136 616 446 719 quinquagesimum
464 612 644 687 secundum
668 614 773 686 etatis
798 640 919 687 annum
944 628 1023 684 tune
1049 601 1204 711 temporis

135 732 334 818 absolverat3
354 730 480 831 quippe
499 751 549 803 xx
573 730 687 803 Martii
705 731 758 802 die
779 729 923 828 ejusdem
940 726 1018 800 anni
1038 725 1203 829 quinqua-

135 848 278 942 gesimus
304 845 435 946 primus
461 860 589 916 tanturn
615 841 800 943 completus
818 859 888 930 est;
912 870 950 914 ae
969 839 1109 941 proinde
1133 841 1206 914 No-

135 965 248 1040 rembn'
267 980 429 1050 exeunte,
447 989 517 1062 quo
537 990 700 1034 summum
724 963 864 1035 Romam
884 958 1026 1034 Ovidius
1047 955 1204 1059 reliquit,

134 1098 200 1155 octo
217 1079 329 1154 solum
345 1104 477 1152 menses
503 1075 590 1149 ultra
614 1095 646 1148 u
674 1104 796 1150 annum
823 1075 907 1177 lapsi
932 1075 1080 1163 fueraut,
1102 1102 1203 1174 quum

134 1196 229 1272 exsul
245 1197 283 1268 in
299 1191 548 1269 Pontum-abire
562 1193 674 1291 jussus
692 1210 749 1266 est.

187 1322 260 1391 Nee
270 1316 379 1391 levius
389 1315 429 1389 el.
440 1314 590 1388 Norisius
601 1314 733 1401 labitur,
746 1346 847 1417 quum
859 1345 897 1390 ex
910 1345 965 1404 eo,
980 1300 1072 1417 quod
1086 1319 1206 1389 Noster

142 1435 251 1520 canit,
270 1432 680 1534 lustrabispur'npueperactu
693 1433 756 1506 sihi
770 1433 871 1508 luisse
880 1432 915 1506 in
929 1430 1081 1506 exsilium
1098 1428 1205 1517 eunti,

143 1551 346 1648 colligiteum
355 1579 439 1625 auno
451 1554 493 1624 U.
506 1552 544 1625 C.
558 1567 697 1637 Dcctttt,
706 1579 815 1625 mense
825 1550 1044 1626 Decembriin
1055 1548 1205 1623 exsilium

140 1698 209 1743 esse
217 1668 416 1770 profectum,
428 1695 532 1771 quum
542 1694 666 1741 annum
676 1685 709 1739 tl
721 1687 841 1763 ageret.
854 1668 959 1765 Quasi
968 1695 1046 1741 vero
1059 1696 1093 1741 ea
1102 1684 1206 1768 poetae

139 1786 238 1859 verba
258 1784 339 1858 adeo
363 1785 476 1860 stricte
494 1785 561 1858 sint
578 1783 786 1884 accipienda,
810 1801 848 1858 ut
865 1782 903 1858 de
919 1802 970 1857 m
987 1782 1099 1857 Ovidii
1118 1810 1205 1855 anuo

140 1897 271 1973 labente
285 1916 452 1999 nequeant
464 1896 628 1994 intelligi!
650 1900 805 1972 Attamen
822 1898 998 1998 scriptores
1011 1896 1132 1999 passim
1149 1924 1206 1969 so-

141 2014 208 2090 lent
226 2016 372 2091 rotundo
399 2017 450 2090 uti
472 2046 630 2105 numero,
657 2017 804 2118 quamvis
829 2045 917 2090 unus
934 2032 967 2089 et
984 2014 1205 2103 altmannus,

141 2132 239 2206 immo
250 2150 281 2207 et
292 2132 405 2235 plures
415 2134 591 2233 supersint.
603 2133 707 2232 Quod
720 2152 751 2206 et
765 2135 834 2234 ipse
848 2130 994 2228 Scaliger
1009 2142 1026 2244 ἰ
1035 2132 1205 2220 observat,

142 2248 202 2322 lroe
221 2267 319 2348 paeto
335 2248 451 2336 litem,
470 2277 566 2349 quam
592 2250 656 2324 vati
678 2250 718 2323 de
738 2250 909 2349 ipsiusmet
927 2266 1021 2322 aetate
1041 2264 1206 2332 mouerat,

144 2364 338 2440 dirimensu
339 2364 449 2451 Sed,
465 2366 530 2450 ait,
548 2366 761 2440 concedamus
777 2364 1008 2465 Olympiadem
1019 2391 1206 2464 quinquen

146 2481 308 2571 ›nalem,
324 2498 356 2555 et
367 2480 475 2554 lustro
487 2482 640 2554 Romano
651 2479 809 2584 aequalem
826 2478 947 2568 luisse,
966 2495 1084 2579 praeter
1097 2476 1208 2549 decem

146 2597 285 2670 »lustra
306 2598 372 2670 duo
389 2595 465 2669 anni
485 2617 667 2673 excurrunt.
684 2598 748 2673 Sed
766 2601 831 2671 hoe
846 2622 916 2669 uon
930 2625 1005 2670 raro
1022 2613 1146 2670 veteres
1160 2594 1208 2669 la·

148 2748 164 2775 »
186 2712 297 2798 riunt,
315 2730 352 2783 ut
369 2734 502 2844 parvam
518 2696 676 2788 summam
691 2714 915 2802 dissimulent,
939 2710 1087 2788 contenti
1103 2712 1206 2788 mille·

149 2862 166 2892 »ι
186 2830 313 2916 uarios,
326 2829 528 2903 centenarios
538 2886 547 2916 ,
559 2844 592 2903 et
602 2827 749 2907 denarios
758 2858 882 2935 ponere
897 2861 906 2920 ;
921 2830 1010 2932 quod
1024 2860 1091 2904 uon
1108 2828 1207 2904 semel

149 2977 166 3007 »
185 2971 202 3015 a
220 2944 444 3018 Demosthene
463 2943 585 3018 lactum
602 2944 794 3021 notavimus.
814 2944 957 3048 ltaque
947 2963 1085 3048 ipsemet
1103 2946 1207 3019 inter·

152 3091 167 3120 »
185 3076 334 3158 pretatur
349 3073 490 3131 mentem
516 3070 610 3132 suam
631 3056 729 3131 initio
748 3060 929 3137 carminis
921 3086 955 3133 rn
975 3059 1210 3149 lbin,ubid1's

153 3207 168 3236 π
186 3204 314 3277 puraque
326 3177 424 3250 terrm
436 3176 501 3251 srbr
512 3192 644 3278 peracta
655 3172 755 3263 dtett
767 3178 831 3253 hoe
843 3196 912 3265 est
927 3197 1123 3253 setannum
1136 3177 1210 3250 vitae

153 3320 169 3350 n
186 3292 369 3392 peregisse,
394 3318 498 3392 quum
515 3290 571 3364 illa
587 3290 761 3383 scriberet,
758 3291 891 3396 primo
910 3318 996 3368 anno
1013 3288 1188 3367 exsilii
1131 3320 1209 3377 sur,

152 3438 169 3469 ι
187 3410 323 3507 quierat
336 3408 456 3483 tertius
470 3428 503 3483 et
516 3384 809 3511 quinquagesimus
822 3422 955 3485 c'urrens
972 3420 985 3449 ²
1002 3408 1106 3484 aetatis
1119 3409 1188 3506 ejus
1201 3462 1210 3491 ,

155 3550 170 3582 ιι
190 3523 250 3595 Cli.
261 3524 363 3598 Dion.
378 3546 420 3615 x,
431 3524 471 3598 P.
484 3524 587 3598 Com.
599 3522 961 3629 Dolabella,'C.·'Junio
971 3524 1082 3600 Silano
1095 3548 1177 3595 coss.
1191 3554 1207 3584 »

219 3637 391 3738 Perperam
405 3666 483 3738 ergo
497 3639 538 3713 e'l.
553 3640 662 3716 Dent
677 3638 873 3714 Bluudellus
889 3638 1050 3727 'asseris
1069 3632 1211 3727 Scalige-

184 3835 280 3888 Loco
292 3856 348 3906 sup
359 3839 444 3893 citato.

181 3925 271 3979 Scrl
273 3939 387 3980 eetaxx
405 3902 577 3999 Ῐι1ιιιίἱάἰ,εΙ
587 3952 629 3987 an.
646 3933 683 3986 U.
697 3931 728 3986 C.
742 3949 865 3987 uecsxur
872 3952 944 4002 qno
955 3950 1023 3986 cosa
1030 3929 1088 3979 fuer
1090 3937 1138 3978 unt
1152 3926 1213 3978 dha

57 4028 63 4046 ·
151 4010 215 4064 el.
192 4030 249 4064 erro
260 4011 379 4079 adpositi.

180 4100 191 4132 ³
208 4103 395 4157 Anti-Baton.
405 4102 450 4157 l'ol.
463 4110 499 4171 ιζ.

1261 907 1270 939 l
