2752 5136
468 797 565 865 PER
588 798 621 863 J.
646 795 876 865 MASSON.
1134 797 1201 864 233

309 939 344 994 Et
352 937 452 1010 placui,
468 949 569 1008 gratare
581 936 664 1002 mihi,
676 941 785 1006 capique
790 947 872 1004 poete

292 1066 294 1070 ν
343 1030 416 1084 luter
427 1029 587 1083 inhumanos
598 1045 698 1081 nomen
710 1026 805 1081 habere
815 1027 904 1082 Getas.

308 1121 448 1176 Materiam
460 1119 575 1190 queris?
589 1117 679 1172 landes
690 1116 723 1170 de
737 1116 841 1172 Cesare
853 1118 913 1171 disi.

340 1212 440 1283 Adjura
451 1221 491 1266 est
503 1210 604 1266 novitas
617 1214 718 1264 nasae
727 1217 817 1262 nostra
828 1210 888 1260 lter.

307 1304 378 1359 Nem
386 1308 470 1371 patris
485 1299 597 1370 Augusti
608 1299 686 1353 docui
699 1300 805 1351 modale
814 1296 893 1350 luisse

342 1391 465 1462 Corpus;
477 1391 503 1444 in
519 1389 637 1445 etherius
646 1407 736 1441 assues
748 1387 830 1441 abisse
842 1386 952 1450 domos,

192 1547 196 1557 Ι
310 1483 373 1538 Esse
386 1501 479 1553 parem
489 1482 586 1534 virtute
593 1484 677 1546 patri,
694 1479 739 1549 qni
752 1477 831 1532 irene
843 1488 946 1533 coactus

347 1572 423 1641 Saepe
434 1575 547 1624 recusati
555 1568 653 1638 ceperit
664 1573 764 1638 imperii
772 1580 821 1624 etc.

148 1702 233 1773 Ecce
251 1715 352 1798 poeta
367 1726 438 1770 non
456 1695 558 1769 modo
585 1697 761 1796 Arsgustnm
778 1697 844 1796 jam
865 1697 1015 1771 functum
1038 1725 1076 1771 ac
1098 1726 1213 1774 eonse-

149 1829 279 1885 cratum
293 1810 359 1885 isto
369 1809 557 1885 laudaverat
570 1807 675 1897 libro,
689 1803 752 1885 sed
764 1827 798 1884 et
809 1809 983 1884 Tiberium
1000 1811 1071 1910 ejus
1087 1840 1217 1888 sncces-

152 1953 282 2014 sorem,
305 1927 345 2001 ad
361 1927 454 2026 cujus
475 1925 583 2000 fictam
603 1923 731 1999 adludit
751 1925 965 2014 modestiam,
986 1956 1051 2028 qua
1073 1927 1101 2002 is
1126 1927 1216 2006 velut

149 2057 304 2127 coactns,
318 2057 349 2114 et
362 2068 501 2142 querens
511 2039 662 2113 miseram
677 2067 917 2140 onerosumque
930 2040 995 2114 sibi
1006 2041 1135 2139 injungi
1148 2072 1215 2118 ser·

150 2155 309 2238 vitutem,
327 2150 501 2254 imperium
517 2151 665 2253 recepit,
689 2153 739 2226 uti
756 2152 866 2226 doceri
882 2180 901 2226 a
916 2154 1032 2229 Tacito
1049 2154 1088 2229 ad
1110 2184 1217 2258 supe-

152 2263 269 2338 riorem
296 2292 419 2339 anuum
434 2320 444 2352 ,
461 2286 505 2338 'n.
529 2268 576 2359 4,
595 2264 851 2340 observavimus
883 2264 989 2362 lgitur
1011 2296 1114 2369 quum
1136 2297 1214 2343 mon

154 2379 293 2455 Ovidius
311 2381 436 2472 addat,
447 2409 532 2456 vers.
553 2381 600 2483 39
615 2398 648 2454 et
667 2384 737 2474 40:

496 2528 543 2585 secl
554 2547 599 2582 me
612 2529 685 2598 jam,
698 2525 783 2594 Care,
795 2527 874 2580 nivali

354 2621 449 2675 Ssxrt
459 2618 605 2691 relegatum
616 2632 720 2674 nsunt
731 2618 779 2671 sub
790 2637 835 2671 ase
847 2617 930 2671 videt:

156 2749 241 2823 lline
254 2747 465 2822 manifestum
476 2763 545 2835 est,
559 2744 744 2847 Epistulam
756 2746 879 2821 hancce
890 2746 1010 2852 Ιιχιιιιι,
1027 2775 1099 2847 qua
1110 2749 1219 2849 proxi·

157 2892 207 2938 me
220 2863 367 2960 Augusti
383 2860 512 2933 obitum
526 2880 636 2935 secuta
652 2882 719 2950 est,
738 2861 837 2948 Coro,
859 2862 969 2936 itidem
984 2880 1089 2965 poetae
1105 2871 1128 2950 ¹,
1142 2863 1220 2936 mis-

157 3010 225 3055 sam
237 2982 392 3054 aNostro
407 2978 524 3065 luisse,
538 2978 573 3051 id
587 2998 652 3067 est,
670 2980 722 3055 vel
739 3008 827 3054 anno
844 2981 1012 3080 superiore
1030 2978 1218 3062 desinente,

157 3094 207 3169 vel
218 3095 284 3168 hoe
296 3094 494 3194 incipiente,
508 3092 598 3193 qnod
607 3094 711 3190 magis
722 3097 804 3171 mibi
818 3094 937 3196 placet.
952 3096 1018 3167 Vix
1030 3094 1116 3165 enim
1130 3096 1219 3167 Naso

159 3232 210 3288 tot
226 3212 366 3286 earmina
384 3229 419 3284 et
433 3210 535 3284 latine
552 3227 585 3283 et
603 3210 707 3305 getiee
719 3239 850 3286 exarare
863 3229 939 3285 ante
949 3208 1130 3310 superioris
1145 3209 1222 3282 anni

159 3330 258 3404 finem
283 3326 465 3428 potuisset,
485 3342 567 3429 quot
583 3342 660 3398 ante
676 3324 815 3401 vidimus
838 3325 878 3399 ab
897 3355 933 3400 ea
954 3325 1159 3425 conscripta,
1183 3353 1221 3398 ex

161 3476 228 3550 quo
244 3462 401 3533 noverat,
417 3446 610 3540 Augustum
623 3442 814 3530 decessisse,
830 3441 955 3518 scilicet
971 3444 1012 3518 ab
1027 3459 1161 3516 exeunte
1175 3446 1222 3516 ci-

161 3566 324 3643 tissimum
346 3562 525 3665 rieptembn'.
545 3561 704 3635 Pretereu
716 3577 827 3635 monet
844 3561 997 3633 Severum
1013 3557 1162 3659 Epistola
1176 3579 1222 3648 11,

163 3711 195 3758 se
211 3683 265 3757 bis
283 3676 491 3781 temporibus
508 3676 615 3750 rarius
629 3704 728 3776 quam
741 3690 815 3749 ante
828 3673 1013 3775 scripsisse,
1028 3666 1076 3748 rs.
1091 3672 1221 3748 23-30:

321 3828 364 3882 De
374 3827 480 3881 reniam
492 3822 575 3889 sasso;
587 3821 680 3878 studiis
693 3840 797 3892 quoque
810 3821 886 3876 irena
897 3822 985 3877 remisi
997 3842 1004 3877 ε

357 3919 470 3973 Ducitur
482 3927 510 3971 et
521 3914 607 3986 digitis
616 3917 690 3968 luera
702 3932 762 3967 rm
772 3912 853 3980 meis,
867 3923 914 3968 etc.

212 4044 256 4115 ll.
271 4044 420 4118 AEsts'rt
430 4070 507 4118 reru
519 4040 655 4140 hujusce
664 4040 742 4114 anni
751 4041 841 4114 Naso
850 4038 1034 4141 Epistulam
1046 4061 1066 4112 x
1080 4036 1224 4135 ejusdem

166 4153 245 4231 libri
259 4157 309 4229 lv
326 4156 522 4230 Albinovano
534 4153 660 4229 Pedoni
673 4161 688 4191 ²
704 4152 813 4241 dedit,
834 4180 935 4254 quum
952 4153 998 4227 sic
1014 4150 1223 4227 exordiatur:

199 4355 207 4385 ¹
219 4316 299 4405 ‘Vide
310 4348 372 4403 ibid.
383 4312 491 4419 versis,
510 4372 556 4419 rs,
572 4371 618 4418 ss,
631 4350 680 4419 43,
693 4350 742 4418 46,
756 4368 785 4405 sc
795 4349 878 4420 Epist.
892 4366 954 4418 xvt,
965 4369 1031 4403 vers.
1046 4367 1059 4417 7
1071 4357 1099 4399 et
1110 4346 1140 4409 8,
1153 4343 1224 4396 trude

164 4436 260 4505 liquet,
275 4432 376 4488 Carum
387 4431 419 4486 de
434 4430 540 4491 ffimle
551 4452 643 4505 poema
655 4423 801 4505 scripsisse,
811 4443 888 4503 atque
902 4432 1013 4489 Nasonis
1019 4427 1134 4484 sodalem
1142 4424 1226 4480 luisse.

195 4529 209 4560 ¹
226 4527 252 4582 Is
262 4535 327 4581 tunc
338 4524 466 4595 temporis
478 4528 601 4581 Theseide
608 4523 751 4591 condebat,
764 4543 830 4580 vers.
841 4523 927 4595 7¹7⁶·
