2768 4694
158 359 224 425 256
433 361 440 394 ¹
532 353 841 424 DISSERTATIO

155 499 344 591 Augustum
359 491 394 564 in
412 488 487 576 lilia
505 492 633 567 incestu
651 522 669 566 a
687 513 786 595 poeta
805 494 1015 594 imprudente
1040 495 1222 598 depreben-

155 647 227 692 sum
245 614 514 713 conjectareutur.
535 617 589 690 Ab
606 616 660 689 bis
686 645 746 712 ego
770 615 912 690 multum
943 615 1111 692 dissentio.
1139 623 1225 694 Utut

157 740 243 813 enim
257 740 411 839 princeps
424 736 478 811 ille
493 739 636 839 primum
648 737 804 813 adversus
816 737 971 815 libidines
980 769 1098 840 parum
1111 741 1225 817 firmus

155 862 275 950 suerit,
295 863 399 937 tutius
427 880 537 936 tamen
560 863 675 938 luisset
693 864 775 937 tanti
796 862 949 937 facinoris
971 865 1224 970 interventorem

159 985 346 1089 opprimere
362 985 498 1085 potius,
518 1014 615 1086 quam
632 985 737 1059 exsilii
754 985 952 1059 contumelia
970 986 1121 1075 irritare,
1141 1007 1174 1062 et
1185 1018 1226 1063 eo

159 1110 372 1195 submovere,
388 1109 474 1182 unde
486 1109 590 1183 tutius
604 1108 690 1181 sorte
701 1105 916 1182 malediceret.
932 1111 1054 1183 Annon
1068 1111 1158 1184 enim
1171 1140 1227 1184 vc-

158 1232 294 1305 rendum
307 1232 442 1316 fuisset,
460 1257 502 1303 ne
516 1230 630 1316 uxori,
647 1259 689 1302 nc
699 1229 833 1317 liberis,
851 1259 891 1304 ne
901 1231 1013 1303 amicis
1026 1259 1159 1306 causam
1172 1234 1227 1308 irae

159 1356 311 1429 casarea
327 1352 498 1426 discedens
519 1352 695 1452 proderet,
723 1371 755 1426 et
774 1353 822 1425 sic
838 1370 948 1427 tamen
965 1381 1018 1427 res
1034 1359 1228 1432 emanaret?

157 1479 212 1549 An
230 1505 289 1550 nec
312 1474 402 1549 Julia
429 1474 560 1574 quidem
586 1473 658 1573 ipsa
681 1470 894 1568 relegationis
919 1504 985 1549 sua
1009 1475 1226 1572 ignominiam

161 1598 231 1672 ulta
241 1598 357 1672 luisset
368 1596 481 1671 incesti
491 1595 699 1697 opprobrio?
712 1595 786 1669 vide
795 1597 991 1671 Suetonium
1000 1597 1041 1670 de
1049 1600 1222 1695 Augusto,

160 1750 230 1823 cap.
247 1720 302 1794 65,
318 1723 372 1793 An
385 1748 445 1792 nec
458 1719 599 1794 Ovidius
613 1719 745 1820 quidem
758 1736 987 1820 postmortem
1001 1723 1142 1817 Augusti
1157 1723 1223 1797 tale

161 1845 242 1946 quid
267 1842 496 1917 eliminasset?
523 1845 660 1937 Ignorat
682 1841 812 1936 ingenia
836 1841 1046 1942 principum,
1076 1861 1107 1916 et
1130 1843 1223 1918 mala

159 1964 366 2041 eonscientiae
375 1962 655 2066 suspicacissimos
668 1982 810 2038 terrores
820 2021 829 2052 ,
840 1981 871 2035 et
879 1963 972 2037 famae
980 1964 1147 2054 indolem,
1165 1969 1223 2068 qui

158 2086 223 2160 ista
240 2104 306 2159 tam
328 2085 421 2159 lacile
440 2084 564 2172 credit;
590 2084 646 2157 sed
669 2102 708 2158 ut
731 2083 840 2158 adhuc
856 2086 994 2160 arctiore
1015 2087 1105 2162 nodo
1125 2118 1224 2164 cons·

161 2210 301 2303 tringam
318 2208 418 2305 hujus
432 2208 479 2279 rei
496 2224 694 2293 assertores,
718 2204 803 2278 addo
823 2235 830 2279 :
850 2208 990 2282 Ovidius
1007 2228 1161 2287 mortuus
1175 2229 1224 2287 est

162 2362 250 2409 anno
264 2332 499 2437 {Olympiadis
515 2357 600 2431 199,
614 2330 753 2430 septimo
766 2330 870 2404 exsilii
884 2388 893 2418 ,
907 2333 1047 2407 testibus
1060 2337 1223 2422 Eusebio,

161 2457 363 2559 Hieronymo
391 2473 424 2530 et
447 2454 632 2550 Scaligero,
661 2451 717 2553 qui
736 2452 852 2526 incidit
869 2455 904 2527 in
929 2456 1059 2528 tertium
1084 2457 1224 2532 Tiberii.

161 2577 438 2680 septuagenarius
456 2605 533 2672 ergo
551 2577 723 2669 Augustus
739 2593 826 2662 erat,
846 2605 946 2676 quum
964 2576 1123 2672 relegaret
1139 2581 1226 2654 ovi-

162 2701 264 2776 dium.
286 2703 373 2798 Quis
392 2717 499 2775 antem
519 2698 628 2772 credat
644 2724 751 2772 senem
770 2715 834 2773 tam
852 2700 1049 2798 prodigiosae
1076 2699 1227 2777 libidinis

161 2824 281 2910 fuisse,
300 2841 338 2896 ut
352 2852 412 2898 nec
425 2821 523 2897 afilia
538 2820 670 2922 quidem
683 2823 888 2896 abstineret?
902 2824 1009 2918 Quem
1024 2826 1222 2935 Suetonius,

162 2971 232 3046 cap.
253 2971 314 3045 71,
328 2947 391 3032 ait,
409 2980 426 3009 «
442 2945 607 3021 infamiam
620 2944 773 3043 juvenilis
787 2946 996 3045 impudicitia
1008 2951 1177 3047 presentis
1190 2968 1223 3023 et

163 3098 181 3130 a
203 3085 342 3167 postera
366 3068 440 3140 vita
463 3068 608 3141 castitate
626 3068 794 3141 refutasse.
815 3102 832 3134 »
854 3067 942 3142 tutia
961 3071 1056 3144 etiam
1074 3070 1136 3144 filia
1151 3073 1218 3170 jam

162 3207 232 3263 tum
248 3218 347 3289 snpra
361 3190 645 3291 quadragenariam
663 3208 749 3277 erat,
771 3190 895 3287 (digna
919 3192 1042 3266 scilicet
1068 3220 1164 3281 anus,
1182 3194 1221 3266 iu

163 3341 225 3412 qua
251 3339 347 3385 senex
371 3313 579 3412 deperiretl)
597 3328 684 3385 etex
705 3312 823 3386 Dionis
841 3334 998 3413 computo
1026 3317 1067 3389 ad
1097 3345 1220 3390 annum

164 3432 255 3534 758,
271 3432 336 3531 jam
353 3452 426 3507 ante
445 3459 487 3533 27
506 3462 610 3507 annos
628 3435 660 3506 in
675 3433 813 3507 insulam
829 3435 1051 3510 Pandatariam
1064 3467 1138 3511 cum
1154 3438 1223 3513 filia

161 3584 220 3629 sua
235 3553 396 3649 relegata,
423 3583 443 3629 a
470 3583 537 3654 quo
557 3573 703 3656 tempore
727 3544 916 3657 nunquam,
934 3555 1010 3633 licet
1026 3558 1220 3660 deprecante

161 3677 289 3779 populo
307 3734 316 3764 ,
339 3678 374 3750 in
392 3678 529 3772 gratiam
544 3706 659 3751 rursus
676 3677 835 3764 admissa,
852 3697 890 3752 ut
911 3679 1012 3753 babet
1029 3682 1219 3756 Suetonius.

162 3801 280 3873 Mirari
293 3802 403 3901 itaque
420 3800 512 3873 subit
527 3820 590 3874 tam
605 3829 743 3896 magnos
759 3799 909 3877 homines
923 3804 955 3876 id
968 3803 1094 3877 facinus
1111 3806 1220 3907 suspi-

163 3923 227 3995 cari
245 3921 566 4023 potuisse.'Dubium
582 3941 690 3997 antem
701 3920 828 3997 nullum
842 3945 910 4014 est,
926 3928 1006 4026 quin
1022 3927 1219 4026 turpissimae

163 4045 330 4141 opinionis
346 4062 461 4117 auctor
477 4043 558 4144 ipsis
570 4045 670 4120 luerit
685 4046 894 4146 turpissimus
913 4048 1075 4142 Caligula,
1094 4050 1150 4149 qui
1165 4078 1218 4121 as-
