2768 4694
163 288 224 354 168
484 288 523 350 P.
557 286 732 352 0le11
758 283 890 350 VITA

159 441 266 498 tumor
280 422 392 523 populi
407 424 545 497 Romani
562 423 674 497 bellurn
689 423 835 523 gerebat,
861 437 1001 495 testatur
1017 423 1214 524 Cenotaphii

158 537 270 612 Pisani
286 535 414 625 tabula,
428 567 526 637 quam
538 538 813 611 eminentissimus
823 535 967 611 Non'sius
979 535 1103 631 insigni
1116 566 1214 640 opere

157 649 342 724 illustravit.
363 651 451 723 Hinc
465 679 542 724 vero
561 680 663 751 quum
680 667 765 724 recte
784 646 991 724 doctissimus
1003 649 1076 734 vir,
1091 667 1124 722 et
1139 669 1216 750 post

157 794 230 839 eum
255 767 395 863 Pagins,
419 768 611 855 deduceret,
637 767 752 842 Caium
771 769 806 839 in
831 764 1029 853 consulatu,
1059 785 1214 866 superato

157 880 350 981 Euphrate,
367 881 448 981 (qui
460 882 585 982 Syriam
596 938 606 969 ‚
616 881 758 955 Romani
771 880 863 953 orbis
875 878 1075 978 provinciam
1084 906 1125 966 ‚a
1142 881 1216 954 Me·

158 998 350 1098 sopotamia,
359 998 556 1072 Parthorum
567 997 684 1071 ditioni
695 997 851 1096 subjecta,
866 995 1130 1094 disterminabat)
1139 996 1215 1069 har·

156 1113 314 1187 harorum
327 1113 493 1207 regionem
508 1113 685 1202 invasisse,
703 1142 855 1215 armaque
866 1113 901 1186 in
917 1110 1032 1186 hostili
1046 1129 1134 1185 terra
1153 1111 1216 1185 cir-

158 1228 367 1317 cumtulisse;
384 1230 430 1301 ita
448 1247 481 1303 et
496 1229 613 1303 exinde
630 1260 698 1304 non
715 1230 825 1304 minus
840 1247 928 1304 recte
945 1229 1090 1302 Nasonis
1107 1226 1216 1302 locum

158 1372 197 1417 ex
214 1343 303 1417 libro
316 1341 530 1416 Remediorum
544 1344 673 1417 Amon's
687 1346 920 1444 interpretatus
932 1361 982 1418 est
995 1353 1003 1382 ¹
1017 1341 1134 1416 dehac
1149 1341 1221 1416 Caii

158 1458 296 1532 Caesaris
313 1458 347 1529 in
363 1458 548 1532 Parthicam
562 1458 721 1532 ditionem
737 1458 930 1559 irruptione.
957 1457 1090 1560 Etenim
1113 1487 1217 1558 quum

158 1579 281 1648 Noster
293 1574 448 1663 dixisset,
461 1576 503 1648 ah
514 1576 634 1650 Amore
645 1576 722 1650 odio
734 1575 847 1650 haberi
857 1576 1006 1650 homines
1019 1592 1212 1676 occupatos,

159 1688 287 1762 otiosos
298 1717 375 1762 vero
389 1688 493 1780 eidem
505 1707 656 1791 acceptos
666 1717 751 1777 esse,
767 1689 959 1787 subjungit,
972 1716 1020 1761 vs.
1039 1686 1213 1761 151-158:

322 1845 391 1899 Sunt
404 1845 478 1913 lora,
493 1856 555 1900 sunt
565 1845 649 1915 leges,
660 1858 737 1913 aunt,
750 1866 814 1916 quos
826 1847 937 1914 tuearis,
950 1846 1041 1899 amici:

352 1935 426 1988 Vade
437 1956 484 2006 per
496 1935 602 1990 urbanae
613 1936 722 1990 candida
734 1947 816 1989 casua
827 1945 902 2004 togoe.

322 2029 374 2080 Vel
387 2039 414 2081 tu
428 2034 562 2096 sanguehei
571 2030 693 2095 juvenilia
706 2047 816 2080 munera
828 2029 920 2078 Marus

355 2117 460 2183 Smcipe
471 2138 477 2178 ;
490 2117 587 2169 deliciae
599 2118 652 2183 jarn
664 2117 710 2168 tihi
722 2125 793 2183 terga
804 2113 912 2168 dabunt.

321 2205 479 2272 Ecrefugox
490 2208 613 2266 Parthus,
626 2205 714 2275 magni
726 2222 792 2256 nova
803 2224 878 2258 causa
891 2205 1015 2276 triumphi
1027 2248 1034 2274 ‚

354 2297 415 2348 dam
427 2296 497 2349 videt
509 2297 536 2348 in
547 2303 642 2364 campr's
654 2299 761 2349 Cesan's
772 2311 852 2349 anna
864 2304 926 2350 suri.

322 2386 406 2440 Vince
418 2386 577 2457 Cupidineas
588 2387 700 2457 pariter,
712 2389 871 2457 Parthasque
882 2390 1002 2459 sagittas,

353 2478 388 2531 Et
399 2477 469 2531 refer
481 2478 512 2530 ad
525 2479 620 2547 patrios
632 2477 693 2531 hina
706 2489 801 2548 tropaea
813 2479 891 2532 Deos.

158 2622 243 2715 Qua
255 2617 377 2718 pariter
388 2614 515 2717 liquido
526 2616 688 2716 probant,
704 2614 792 2690 hunc
803 2617 1014 2691 Rcrmdthrwn
1027 2622 1159 2697 Arnon's
1175 2624 1215 2696 li-

156 2733 254 2806 brum
264 2734 407 2805 fervente
417 2730 504 2804 bello
518 2729 665 2804 Parthico
677 2732 834 2831 scriptum
847 2759 934 2817 esse,
947 2734 1122 2832 etquidem
1135 2736 1214 2812 dum
1227 2780 1232 2786 ·

157 2847 257 2921 Caius
276 2847 383 2919 Caesar
401 2846 433 2917 in
451 2844 648 2918 Parthorum
664 2847 788 2948 campis
811 2876 885 2919 cum
902 2847 1043 2920 exercitu
1061 2848 1210 2945 degebat.

157 2963 271 3057 Quum
284 2989 359 3034 vero
376 2988 414 3034 ex
427 2960 509 3034 serie
520 2989 628 3034 rerum
641 2962 750 3035 aCaio
762 2981 840 3064 post
852 2991 948 3037 suum
960 2965 1001 3037 ab
1012 2965 1096 3038 urhe
1106 2970 1209 3041 Roma

157 3075 335 3149 discessum
348 3076 381 3147 in
395 3076 511 3149 itinere
527 3094 691 3170 gestarum
708 3088 862 3178 ²pateat,
879 3108 953 3152 enm
965 3082 1145 3183 principem
1156 3083 1211 3155 vix

156 3206 232 3261 ante
248 3188 336 3263 hunc
354 3218 490 3276 annum,
514 3189 548 3262 in
565 3219 632 3290 quo
647 3219 827 3279 versamur,
845 3193 991 3292 potuisse
1010 3196 1211 3295 Euphratem

158 3335 230 3379 cum
249 3306 355 3405 copiis
372 3304 528 3393 transire,
551 3324 651 3406 atque
668 3336 776 3382 revera
791 3339 865 3383 eum
880 3328 968 3384 trans
985 3312 1132 3386 eumdem
1148 3314 1214 3389 lln-

98 3508 101 3517 ‚
157 3420 245 3491 vium
262 3417 327 3490 hoc
342 3419 416 3518 ipso
431 3447 518 3491 anno
533 3417 654 3506 luisse,
671 3437 710 3493 ut
723 3420 850 3496 Tabula
867 3423 984 3497 Pisana
1001 3425 1115 3511 docet;
1133 3427 1213 3499 hinc

158 3533 244 3609 haud
270 3531 408 3606 invalide
432 3532 583 3628 colligere
611 3533 704 3623 licet,
730 3533 785 3609 illa
808 3537 966 3626 carmina,
982 3541 1215 3642 integrumque

158 3648 281 3723 librum
291 3648 356 3721 hoc
369 3647 498 3723 labente
514 3676 599 3722 anno
611 3650 645 3722 in
660 3649 762 3724 lucem
779 3653 919 3742 venisse;
938 3655 1026 3754 quod
1041 3655 1214 3731 confirma-

191 3845 197 3872 ¹
217 3841 257 3894 De
272 3840 366 3894 Cenot.
378 3841 464 3895 Pisan.
474 3861 529 3910 pag.
543 3845 605 3909 248,
617 3842 675 3897 vide
686 3855 713 3898 et
724 3846 785 3899 Jani
798 3847 884 3916 templ.
899 3849 987 3902 Reser.
998 3869 1053 3920 pag.
1065 3851 1120 3920 347.

188 3933 199 3961 ²
216 3929 276 4068 ζ’ἱδ.
287 3929 374 4068 glorie.
385 3929 416 3983 de
433 3927 526 3984 Ceuot.
540 3932 624 3986 Pisan.
636 3955 692 4006 pag.
706 3939 769 4006 248,
785 3949 811 3992 et
828 3939 889 3992 Jani
903 3939 990 4011 templ.
1006 3941 1066 3996 Res.
1080 3941 1150 3997 Sect.
1165 3960 1193 3999 tv
1202 3982 1210 4009 ‚

154 4028 208 4078 cap.
249 4026 275 4068 et
305 4056 311 4066 .
