2768 4694
157 365 219 432 156
471 370 510 434 P.
538 367 725 435 OVIDII
754 367 888 435 VITA

153 503 280 605 aliaque
294 504 477 604 spectacula
489 506 590 580 luisse
601 505 644 579 ab
655 508 810 602 Augusto
825 503 930 590 edita,
949 501 1034 578 clare
1045 504 1126 579 satis
1139 505 1220 581 Vel·

154 619 208 693 leii
222 637 395 694 contextus
408 621 551 711 indicat;
566 651 604 696 ex
617 651 708 697 more
717 621 871 696 nimirum
885 636 1019 721 recepto
1033 619 1068 692 id
1080 619 1220 712 sactum,

155 755 194 810 ut
217 735 313 839 plura
336 737 369 810 id
399 766 504 833 geum
528 739 810 812 consecrationum
828 734 973 836 exempla
989 737 1218 837 comprobant.

157 854 213 928 Sic
228 853 300 954 ipse
312 857 487 951 Augustus
500 857 536 929 in
552 856 671 930 theatri
683 854 833 929 Marcelli
849 853 1052 927 dedicatione
1068 853 1221 931 ladasde-

158 969 226 1056 dit;
245 972 520 1071 quemadmodum
542 991 574 1047 et
592 972 692 1075 paulo
709 991 784 1047 ante
798 969 925 1045 Balbus
951 999 1047 1045 suum
1068 969 1222 1045 dedicans

156 1085 320 1158 theatrum
337 1089 508 1185 spectacula
524 1087 737 1174 exhibuerat,
754 1103 905 1160 narrante
918 1084 1028 1156 Dione
1045 1093 1068 1156 ¹.

207 1199 395 1276 Clarissimo
408 1232 485 1276 vero
500 1203 630 1277 Ouidius
642 1202 823 1299 significat,
837 1198 935 1274 ludos
949 1198 1113 1274 solemnes
1122 1199 1227 1274 Marti

161 1344 292 1405 sacros,
309 1337 341 1392 et
357 1320 489 1419 quidem
503 1320 549 1392 oh
567 1318 727 1420 templum
741 1320 782 1392 ab
799 1320 954 1412 Augusto
969 1319 1002 1388 in
1017 1344 1078 1390 suo
1089 1318 1178 1391 Foro
1195 1316 1227 1390 ei

161 1433 406 1519 constructum,
426 1451 465 1504 tv
484 1435 573 1505 11)th
589 1435 709 1506 Mttts
721 1433 756 1505 in
771 1433 859 1505 circo
874 1430 1057 1504 celebratos
1069 1457 1159 1519 esse,
1174 1430 1225 1505 uti

159 1547 223 1644 jam
239 1545 321 1619 alibi
340 1558 353 1586 ²
373 1546 471 1622 nobis
488 1548 707 1622 observatum.
737 1550 912 1621 Fastorum
935 1547 1022 1621 enim
1041 1545 1100 1621 lib.
1123 1549 1165 1635 V,
1181 1544 1224 1618 ad

162 1692 236 1738 eum
254 1665 341 1740 diem
358 1668 483 1741 Noster
497 1666 587 1739 cauit
604 1694 624 1738 a
643 1693 726 1739 vers.
745 1663 816 1736 550
832 1693 840 1737 ε
862 1654 864 1659 ¹

356 1823 440 1877 Mans
452 1823 523 1877 venit
534 1844 541 1887 ;
554 1834 581 1876 et
593 1822 701 1877 veniens
714 1821 804 1876 heilica
816 1821 889 1892 signa
899 1819 980 1874 dedit.

325 1913 426 1967 Utron
438 1913 469 1965 ad
482 1913 535 1981 ipse
546 1931 607 1965 suos
617 1912 680 1966 calo
691 1911 825 1966 descendit
837 1926 981 1978 annonas,

357 2005 519 2073 Templaque
532 2006 558 2056 in
570 2005 684 2072 Augusto
695 2002 949 2074 conspiciendasom.

325 2094 360 2146 Et
370 2094 443 2147 Deus
456 2105 494 2146 est
510 2094 617 2164 ingens,
630 2105 657 2146 et
669 2113 734 2164 opus
744 2112 750 2146 :
759 2092 870 2146 debehat
884 2091 912 2146 in
926 2092 991 2146 urbe

356 2185 417 2238 Non
432 2184 507 2238 aliter
517 2186 572 2238 nati
584 2187 657 2238 Mars
667 2184 784 2238 habitare
795 2182 833 2237 sui
845 2224 853 2249 ,
869 2194 917 2237 etc.

164 2318 290 2393 Deinde
308 2347 409 2422 quum
435 2319 548 2420 templi
571 2318 582 2356 ³
609 2337 799 2392 ornamenta
816 2320 888 2392 fuse
912 2315 1100 2418 complexus
1124 2335 1227 2403 esset,

165 2449 450 2533 enumerassetque
467 2462 555 2506 arma
582 2451 615 2505 et
636 2430 742 2532 spolia
760 2431 799 2504 de
820 2431 975 2504 hostibus
993 2448 1108 2531 capta,
1135 2428 1231 2504 affixa

163 2552 339 2653 postibus,
356 2569 454 2652 atque
472 2549 664 2653 explicasset
680 2547 767 2621 unde
784 2553 878 2623 Mars
901 2574 1083 2642 cognomen
1113 2547 1233 2622 Ulton's

166 2666 338 2754 habuerit,
363 2693 486 2766 curque
514 2661 672 2764 templum
692 2661 796 2736 eidem
822 2662 858 2736 in
883 2660 1026 2757 Augusti
1047 2661 1121 2733 loro
1145 2689 1233 2736 con·

169 2800 349 2868 stmctum;
369 2780 458 2882 quod
473 2808 589 2881 nempe
603 2781 695 2853 Mars
708 2782 861 2876 Augusto
873 2779 976 2882 patris
987 2807 1118 2867 necem,
1135 2782 1233 2857 Cras·

169 2899 264 2999 sique
279 2916 313 2974 et
330 2899 469 2973 Antonii
482 2897 589 2972 clades
601 2898 755 2972 ulciscenti
764 2895 935 2973 adfuerat⁴
955 2930 962 2971 :
978 2898 1107 2972 tandem
1121 2898 1229 2985 addit,

200 3101 208 3129 ¹
228 3097 284 3150 Lib.
296 3097 371 3162 LlV,
383 3117 439 3168 pag.
455 3100 511 3169 539.

198 3190 211 3219 ²
225 3186 287 3240 Jani
298 3186 402 3257 Templ.
411 3189 502 3243 Reser-
511 3205 536 3256 p.
548 3188 605 3242 ³23.

198 3275 209 3308 ³
226 3277 291 3349 Ejus
305 3277 405 3348 efligies
422 3279 449 3333 in
463 3279 541 3334 variis
555 3279 667 3349 Augusti
688 3281 803 3335 nummis
818 3279 949 3344 oernitur,
971 3279 1059 3348 quales
1076 3279 1235 3346 jamdudum

166 3358 312 3430 complures
335 3361 383 3414 viri
408 3362 477 3416 docti
495 3363 688 3428 exhibuerunt,
706 3365 771 3418 Ant.
794 3363 972 3435 Augustinus,
997 3363 1097 3416 Sebast.
1120 3361 1235 3430 Erisso,

168 3443 302 3509 Goltzius,
321 3444 477 3499 Torrentius
491 3446 523 3499 ad
542 3447 653 3500 Sueton.
671 3447 741 3517 Aug.
755 3466 810 3516 cap.
824 3467 873 3520 ις,
891 3445 993 3516 aliique.
1006 3447 1062 3500 Nec
1072 3444 1123 3497 rari
1133 3455 1196 3497 sunt
1207 3447 1237 3500 in

168 3527 301 3581 hodiernis
319 3546 377 3580 reto
402 3528 575 3597 antiquariarn
593 3529 736 3584 colentium
754 3527 892 3593 Cimeliis,
915 3527 1059 3598 nemetim
1077 3525 1238 3595 Anglicanis.

167 3614 366 3682 Repraesentant
377 3608 500 3666 nonnulli
514 3612 640 3681 templum
661 3612 689 3667 in
707 3611 810 3683 fastigio
826 3611 973 3665 rotundum
992 3632 1035 3666 sex
1050 3610 1238 3665 columnarum

168 3717 228 3750 eum
238 3697 320 3752 tribus
331 3695 409 3764 siguis
422 3694 591 3763 militaribus,
605 3717 634 3751 ac
643 3694 684 3751 his
692 3695 756 3752 hinc
765 3694 827 3749 inde
841 3697 946 3752 verbis:
959 3709 1029 3748 matt.
1041 3711 1103 3749 uer.
1117 3694 1239 3749 Aliorum

169 3782 273 3836 Postica
285 3781 401 3834 Martem
413 3780 516 3836 exhibet
526 3781 692 3837 cernendum
702 3781 731 3835 in
742 3779 831 3834 medio
842 3780 934 3851 templi
954 3791 1067 3848 quatuor
1084 3778 1141 3832 coll.
1158 3790 1237 3833 stan·

169 3877 241 3934 tem,
259 3865 348 3920 dextra
360 3868 464 3937 signum
479 3864 602 3937 legionis,
619 3866 725 3922 sinistra
739 3865 844 3936 signum
864 3865 934 3921 aliud
953 3864 1065 3918 militare
1080 3864 1136 3918 sine
1154 3863 1239 3934 aquila

170 3959 307 4005 tenentem
319 3974 325 4016 ;
337 3952 365 4006 iu
379 3951 433 4005 imo
449 3966 539 4005 nant.
553 3968 616 4006 υιτ.

203 4043 214 4077 ‘
232 4044 307 4096 Vers.
326 4043 375 4115 569
389 4063 436 4113 sqq
450 4061 480 4096 ea
494 4041 678 4113 prosequitur:
691 4064 705 4090 κ
717 4039 834 4097 Voverat
843 4041 1005 4111 hociuvenis
1017 4052 1095 4105 tunc,
1107 4057 1189 4108 quum
1198 4036 1241 4108 pia

169 4122 280 4177 sustulit
294 4144 384 4193 mma,
396 4136 444 4181 etc.
467 4127 571 4193 Templa
586 4124 673 4194 seres,
691 4134 718 4180 et
729 4143 773 4179 me
788 4125 886 4180 victore
897 4124 1028 4181 vocaberis
1043 4123 1118 4177 Ultor
1126 4131 1174 4174 etc.
1185 4120 1241 4173 Nec
