2768 4694
154 295 218 359 312
480 285 876 356 nssntcurtottes
911 236 928 307 ’ἰ

156 469 174 499 n
194 430 408 507 Montaniana
429 429 575 503 Scauros
595 428 751 514 notabat,
768 455 836 501 uuo
852 428 918 501 hoc
945 444 1126 504 contentus
1151 456 1211 505 ero.

158 579 176 611 n
198 549 312 642 Quum
329 539 494 644 Polyxena
511 559 596 617 esset
610 541 769 626 adducta,
787 540 879 613 utud
895 539 1214 617 tumulum·Acltillit

160 653 447 744 o'immolaretur,
468 656 606 731 Hecuba
622 655 705 729 dixit
730 685 738 728 :
761 656 835 727 cirris
851 655 916 753 ipse
930 655 1051 752 sepulti*
1063 655 1110 729 In
1125 684 1217 757 genet

157 811 174 842 n
193 773 807 876 docpugrot;pote1athoc·conteutus
828 798 916 857 esse3
938 771 1058 870 adjecit
1077 803 1088 846 ε
1107 775 1218 848 tinnulo

158 923 176 954 »
195 916 311 990 quoque
337 887 481 961 nonnus
510 885 635 959 hostem.
663 887 733 958 Nec
763 884 830 957 hoc
864 902 1041 958 contentus
1054 930 1058 937 ·
1075 885 1217 984 adjecit:

161 1041 179 1073 ι»
196 1002 566 1104 Alt'acr‘doesecuodofur‘
588 1002 708 1077 Aiebat
722 1019 830 1076 antem
844 1002 987 1076 Scaurus
1002 1029 1072 1076 rem
1088 1031 1218 1079 veram:

159 1157 178 1188 »
198 1149 265 1195 nou
281 1120 391 1194 minus
406 1146 557 1214 maguam
573 1118 726 1192 virtnum
740 1145 826 1207 esse,
843 1117 925 1192 scire
942 1117 1111 1208 desinere,
1125 1150 1221 1222 quam

160 1271 178 1302 a
198 1238 279 1310 scire
297 1235 413 1308 dicere.
434 1268 450 1298 o
472 1233 643 1309 Attendite
666 1262 764 1333 qnam
788 1261 870 1306 caeca
884 1231 928 1306 sit
949 1231 1050 1308 aliena
1065 1237 1223 1338 carpendi

156 1350 319 1450 cupiditas
333 1378 340 1421 :
355 1347 436 1422 dnm
448 1346 607 1421 Ovidium
619 1344 788 1421 insimulat
798 1347 889 1433 vitii,
901 1372 1044 1419 errorem
1056 1346 1223 1444 insignem

159 1485 260 1553 errat,
280 1493 420 1565 eumque
438 1462 618 1564 duplicem,
633 1480 668 1536 et
689 1460 779 1562 quod
796 1462 866 1536 baec
880 1461 923 1535 ab
939 1462 1078 1537 Hecuba
1096 1464 1162 1538 dici
1178 1464 1225 1539 ait

161 1602 336 1684 antequam
351 1580 518 1683 Polyxena
529 1577 767 1666 immolaretur,
782 1607 854 1679 que
867 1578 1023 1653 dicuntur
1033 1580 1075 1653 ab
1085 1580 1226 1656 Hecuba

163 1699 198 1770 iu
208 1698 272 1770 hoc
284 1695 373 1769 libro
386 1716 463 1797 post
472 1722 582 1769 necem
598 1679 773 1794 Polyxena
787 1723 795 1768 :
810 1711 843 1766 et
855 1692 951 1792 quod
963 1712 998 1766 et
1013 1694 1226 1796 reprehendit

162 1816 196 1889 in
215 1812 355 1900 Ovidio,
374 1842 446 1913 qua
459 1813 495 1885 in
512 1811 648 1885 summis
661 1827 694 1883 et
708 1811 818 1912 poetis
834 1827 866 1883 et
883 1809 1068 1885 oratoribus
1085 1811 1225 1887 laudan·

164 1948 227 2003 tur.
246 1931 413 2004 Homerus
425 1929 459 2001 in
473 1917 613 2002 Achillis
626 1927 668 2001 ad
683 1945 818 2001 matrem
838 1926 1038 2028 querimonia
1051 1931 1151 2015 ,iter
1166 1928 1226 2029 sulp

161 2041 222 2129 lxo
239 2036 321 2132 §ipae
335 2043 421 2122 eriro'e
437 2042 581 2137 sinedpoee,
600 2040 750 2116 tetidem
773 2040 856 2115 dixit
879 2038 965 2127 inde,
983 2040 1063 2130 ixer,
1078 2043 1224 2141 «ἐπαύρῃ

163 2183 225 2230 nec
237 2155 390 2231 vitiosum
403 2184 473 2232 esse
487 2157 659 2257 quisquam
672 2172 777 2257 putat.
791 2155 973 2252 Virgilius,
987 2158 1065 2232 AEu.
1082 2161 1121 2247 l,
1136 2158 1225 2254 546,

165 2270 199 2343 iu
218 2269 376 2345 Oratione
395 2270 535 2346 Ilionei:

330 2411 422 2480 Quem
434 2411 456 2465 si
469 2411 523 2465 lata
534 2410 620 2465 virum
632 2422 750 2480 serrant,
762 2413 783 2467 si
794 2414 905 2469 rescitur
917 2432 981 2468 aura

332 2502 466 2570 AEtlreria,
478 2522 565 2573 neque
576 2502 661 2559 adhuc
671 2504 817 2559 crudelibus
828 2506 935 2559 occubat
947 2505 1053 2559 umbris.

170 2630 357 2705 Sermonem
374 2630 464 2704 huuc
479 2627 576 2704 nemo
592 2659 661 2704 non
678 2631 885 2706 emendatum
900 2650 1013 2732 putat,
1032 2661 1139 2732 quum
1153 2633 1229 2709 satis

61 2803 64 2807 .
167 2746 267 2818 luerit
284 2751 385 2819 unum
402 2774 419 2820 e
433 2746 539 2819 tribus
554 2745 688 2828 dixisse,
698 2745 812 2820 Simile
826 2748 994 2822 Ciceronis
1006 2746 1090 2822 illud
1106 2748 1142 2821 iu
1156 2778 1229 2850 per-

106 2918 110 2925 .
171 2858 345 2934 duellionis
361 2889 482 2935 musa:
504 2895 520 2926 α
538 2860 705 2937 Inclusum
722 2880 820 2963 atque
834 2863 984 2937 abditum
999 2863 1101 2938 latere
1119 2865 1154 2938 in
1172 2892 1229 2937 oc·

174 3005 191 3035 »
211 2972 317 3061 culto;
337 2993 370 3048 et
381 2976 542 3073 ignaviam
556 3005 649 3052 suam
665 2979 826 3079 parietum
839 3008 876 3052 ac
892 2980 1100 3054 tenebrarum
1117 2995 1229 3053 custo·

176 3120 192 3178 ‘.’
212 3087 273 3162 diis
284 3108 401 3185 tegere.
422 3126 438 3157 o
456 3093 629 3190 Ejusmodi
641 3111 783 3168 trecenta
796 3097 968 3170 memorari
980 3112 1136 3196 possunt,
1154 3122 1229 3194 qnae

173 3203 201 3276 si
220 3203 254 3276 iu
268 3203 342 3280 aliis
365 3206 494 3280 dicendi
519 3208 655 3283 virtutes
672 3210 853 3296 habentur,
874 3212 982 3284 curin
1007 3210 1128 3285 Ovidio
1149 3209 1233 3282 vitia

172 3317 398 3395 existimentur
408 3321 492 3396 nihil
507 3351 611 3398 causae
618 3325 713 3399 rideo
726 3355 733 3411 ;
748 3325 812 3398 uisi
824 3325 860 3397 iu
874 3353 913 3399 eo
924 3327 1080 3399 Senecam
1088 3324 1233 3400 voluisse

174 3433 320 3507 caninam
333 3464 482 3512 exercere
491 3438 683 3527 facundiam,
698 3458 730 3513 et
741 3441 841 3515 severi
854 3442 997 3514 censoris
1007 3458 1115 3541 partes
1125 3469 1232 3535 agere,

174 3550 264 3650 quasi
283 3551 364 3626 nihil
381 3583 525 3657 uuquam
542 3554 578 3627 iu
602 3559 668 3629 rita
686 3573 744 3630 aut
767 3557 896 3657 scriptis
921 3557 1105 3658 deliquerit.
1130 3557 1234 3654 Quod

174 3693 250 3741 saue
266 3668 348 3742 mihi
360 3673 495 3746 verbum
511 3672 650 3745 Catonis
665 3672 699 3744 iu
712 3688 854 3745 mentem
863 3689 1007 3760 revocat,
1024 3674 1195 3774 pur'mr'rorr'
1203 3699 1235 3746 se

173 3781 291 3870 aiebat,
313 3813 369 3859 cur
382 3814 440 3859 uon
457 3813 591 3885 aruspex
607 3785 729 3872 rideret,
757 3815 848 3885 quum
869 3789 1034 3888 aruspicem
1055 3790 1231 3891 odspr'ceret.

172 3899 223 3970 Ita
240 3901 393 3974 Senecam
412 3900 515 3972 miror
531 3901 673 3976 tenuisse
692 3902 794 3975 risum
813 3905 942 4004 quotics
960 3904 1064 3979 libros
1083 3935 1165 3981 suos
1185 3904 1231 3978 le·

173 4033 281 4107 geret,
297 4017 357 4089 ubi
373 4015 577 4089 commendat
599 4035 822 4118 paupertatem
844 4021 1064 4096 feneratorum
1083 4022 1230 4097 omnium
