2768 4694
482 352 580 420 PER
604 354 637 419 J.
663 349 899 419 MASSON.
1160 371 1222 418 sor

154 495 314 596 gessisse,
332 507 371 567 ut
380 490 502 588 singuli
515 491 687 565 Fastorum
701 518 829 566 menses
843 487 996 587 singulos
1009 489 1106 564 etiam
1122 488 1229 566 libros

155 607 473 711 complecterentur,
491 622 591 707 atquc
608 631 642 678 se
656 601 789 678 illorum
806 605 872 703 jam
887 631 944 678 sex
961 604 1164 693 exaravisse,
1183 621 1231 679 to-

155 730 266 814 etitem,
281 754 339 801 sen
350 729 407 799 sir
421 751 555 826 quoqne
568 720 691 797 libellis
704 720 872 818 signatos,
884 750 985 823 quum
996 722 1102 824 patria
1115 720 1234 824 pulsus

157 865 218 923 est.
235 844 332 921 Adde
350 841 443 945 qood
461 842 490 916 si
510 858 608 944 poeta
625 838 692 914 illis
709 841 820 914 verbis
836 839 1059 936 significaret,
1085 867 1120 914 se
1139 842 1229 915 Fast.

157 983 211 1039 ΧΗ
236 961 295 1036 lib.
318 959 519 1045 exaravisse,
535 976 597 1032 etc.
626 957 672 1031 sic
694 956 758 1032 sibi
784 957 1022 1032 contradiceret
1037 1014 1047 1045 ,
1062 983 1164 1058 quum
1177 956 1234 1030 ad·

157 1078 225 1164 dit,
244 1077 279 1149 id
298 1103 386 1176 opus
403 1102 466 1147 suo
482 1070 599 1147 exsilio
618 1072 799 1173 abruptum
816 1071 927 1147 fuisse.
946 1074 1065 1171 Neque
1079 1088 1165 1145 certe
1178 1098 1234 1145 ve·

158 1211 261 1280 teres,
277 1192 367 1265 inter
380 1218 466 1290 quos
481 1205 530 1262 est
547 1187 756 1276 Lactantius,
772 1187 835 1262 alia
851 1187 939 1277 loca,
956 1208 1176 1291 praeterquam
1193 1216 1232 1261 ex

160 1339 220 1388 sex
232 1309 405 1412 prioribus
415 1309 587 1381 Fastorum
605 1304 699 1379 libris
710 1307 905 1407 proferunt,
921 1336 991 1381 non
1005 1335 1084 1380 vero
1098 1334 1137 1379 ex
1151 1331 1233 1407 pos-

165 1423 359 1511 terioribus,
370 1450 455 1524 qnos
462 1420 649 1497 existimant
662 1421 853 1523 deperditos
866 1453 874 1511 ;
892 1423 944 1496 uti
957 1423 998 1498 cl.
1010 1421 1118 1498 Nicol.
1131 1421 1235 1495 llein-

166 1543 237 1618 sius
256 1550 278 1638 ’ξ
290 1543 432 1630 notavit,
451 1541 509 1642 qui
533 1557 641 1613 tamen
657 1539 746 1614 baud
769 1559 876 1630 recte,
894 1560 1012 1616 nostro
1031 1539 1164 1643 quidem
1179 1540 1235 1638 ju-

163 1655 266 1744 dicio,
288 1654 401 1730 exinde
413 1652 606 1740 concludit,
633 1672 757 1729 certum
773 1685 865 1744 esse,
882 1655 1043 1757 reliquam
1059 1659 1233 1731 Fastorum

161 1788 289 1875 partem
302 1770 368 1872 jam
386 1789 462 1847 ante
479 1770 585 1846 multa
604 1768 714 1845 secula
730 1769 946 1845 intercidisse.
971 1772 1106 1846 Certum
1126 1790 1234 1846 tamen

160 1889 309 1979 ridetur,
327 1907 460 1991 poetam
476 1890 511 1963 in
529 1888 642 1963 animo
665 1878 822 1962 habuisse
839 1904 873 1961 et
889 1886 1029 1961 aliorum
1046 1888 1232 1977 mensium,

163 2006 203 2081 ad
223 2003 324 2112 linem
347 2031 454 2105 usqne
471 2002 569 2091 anni,
588 2005 707 2077 Festos
724 2002 924 2092 describere;
944 2003 1108 2106 siquidem
1125 2002 1233 2091 canit,

163 2123 250 2196 Fast.
267 2119 328 2196 lib.
346 2123 417 2207 Ill,
435 2148 518 2194 vers.
541 2118 584 2220 57
603 2136 638 2194 et
656 2117 727 2194 58:

326 2293 426 2344 Vester
435 2289 520 2343 bonos
531 2306 651 2359 usur,
664 2310 748 2362 quum
763 2290 929 2348 Laurentalia
942 2307 1051 2359 ulem

361 2383 492 2449 Acceptus
503 2380 596 2435 Geniis
608 2381 650 2437 illa
662 2382 826 2438 Decumum
837 2381 922 2438 babet.
946 2461 950 2471 Ι

213 2527 377 2599 Caeterum
387 2521 552 2598 exeodem
558 2523 717 2602 Tristium
728 2523 806 2599 loeo
822 2539 929 2626 patet,
944 2524 1133 2600 Buchen'um
1144 2525 1234 2598 baud

165 2639 282 2715 leviter
295 2667 436 2726 errasse,
454 2667 558 2739 quum
575 2661 736 2734 censeret,
754 2641 873 2719 Fusios
892 2641 935 2714 ab
954 2639 1078 2715 Ovidio
1092 2658 1166 2714 ante
1182 2639 1235 2714 fu·

168 2786 244 2855 gsm
262 2756 369 2830 editos
384 2784 464 2831 csse.
483 2755 568 2830 Vide
586 2785 658 2859 qnae
675 2786 748 2862 sup.
766 2760 810 2834 ad
825 2789 949 2834 annum
968 2762 1010 2833 U.
1030 2761 1068 2834 C.
1087 2776 1233 2850 nccux,

168 2891 284 2947 contre
302 2871 462 2961 diximus,
481 2872 586 2947 etius.
607 2873 648 2949 ad
664 2903 786 2952 aunum
801 2896 930 2952 netxx.

213 2991 274 3063 XI.
292 2991 418 3063 Notare
435 2990 565 3065 tandem
584 3007 653 3078 est,
672 2988 714 3063 ad
725 2990 813 3067 buno
831 3020 953 3066 annum
969 3009 1140 3067 exeuntem
1157 3021 1233 3094 per-

167 3104 267 3178 tinere
293 3102 466 3178 maximam
484 3105 559 3178 labri
577 3104 614 3177 T
611 3102 728 3177 rbtiurn
744 3105 840 3204 periri
848 3122 993 3206 partem3
1017 3135 1119 3207 quum
1144 3124 1233 3180 totus

169 3219 210 3293 sit
225 3221 260 3294 in
278 3220 396 3294 itinere
414 3221 463 3295 ad
474 3220 581 3296 exsilii
596 3219 708 3295 locum
720 3239 890 3311 exaratus,
907 3223 957 3298 uti
970 3240 1069 3324 poeta
1084 3240 1232 3308 testatur,

167 3335 256 3433 Eleg.
277 3358 301 3412 x
320 3355 353 3410 et
369 3335 509 3411 ultima:

332 3500 422 3555 Litere
432 3519 607 3571 quercumque
620 3510 660 3556 est
672 3510 729 3556 toto
740 3500 787 3556 tibi
798 3501 864 3556 lecla
875 3500 975 3566 libello,

361 3592 410 3646 Est
419 3592 484 3646 nihi
495 3592 609 3648 sollicito
618 3600 728 3664 tempore
736 3591 804 3648 facea
816 3592 873 3647 vire.

335 3685 388 3737 Aut
399 3681 466 3740 benc
477 3704 536 3753 me,
548 3684 627 3756 gelidi
639 3696 783 3741 tremerem
794 3704 877 3755 quum
888 3703 972 3739 meuse
979 3687 1138 3747 Decembris,

364 3773 529 3830 Sen'bentem
542 3776 636 3830 mediis
652 3777 753 3830 Hadria
767 3774 832 3830 vidit
842 3774 931 3845 aquis:

336 3863 404 3930 Ant,
416 3877 554 3936 postquam
564 3866 695 3921 bimarem
705 3885 785 3922 cursu
795 3868 974 3936 superavimus
986 3867 1109 3922 Isthmos,

367 3951 506 4026 Alteraque
523 3967 563 4013 est
572 3969 668 4016 nostre
678 3970 766 4043 sumta
776 3959 865 4016 arina
874 3959 960 4030 luga,
972 3966 1020 4010 etc.

203 4124 211 4154 ¹
232 4120 264 4173 ln
277 4117 526 4191 Fastib.v1,fin.
