2752 5136
201 871 244 914 oo
475 847 514 911 P.
544 844 726 913 OVIDII
756 844 985 917 NASONIS

249 992 281 1063 A
301 989 382 1063 duce
399 987 547 1061 Puniceo
563 985 721 1087 pertulit,
739 987 810 1088 ipse
828 989 923 1063 feras.
1018 1049 1021 1056 .

200 1109 270 1180 Nec
286 1103 349 1176 tibi
362 1100 514 1175 subsidio
530 1100 575 1175 sit
591 1130 735 1202 praeseus
749 1132 892 1192 numen,
910 1122 951 1180 ut
964 1105 1032 1194 illi,
1217 1132 1266 1184 235

251 1220 314 1295 Cui
332 1218 417 1294 nihil
434 1219 561 1292 Hercei
576 1218 706 1320 profuit
721 1247 776 1294 ara
790 1221 903 1294 lovis:

201 1340 314 1437 thue
331 1334 424 1408 dedit
441 1332 545 1407 saltus
562 1333 602 1408 de
621 1362 751 1409 summo
767 1335 946 1411 Thessalus
962 1337 1069 1425 Ossa,

249 1453 302 1524 Tu
320 1476 451 1550 quoque
471 1476 589 1522 saxoso
603 1447 808 1550 praecipitere
824 1450 924 1549 jugo:

199 1571 270 1643 Aut
288 1565 376 1640 velut
394 1562 547 1664 Euryali,
568 1565 625 1664 qui
643 1582 809 1665 sceptrum
828 1567 915 1666 cepit
933 1563 1069 1652 abillo,

248 1683 323 1758 Sint
338 1699 429 1756 artus
445 1681 547 1754 avidis
563 1679 729 1775 anguibus
745 1709 817 1754 esca
833 1681 901 1755 tui:
970 1750 973 1762 ,

199 1795 262 1871 Vel
279 1816 335 1870 tua
352 1811 511 1878 maturet,
532 1794 617 1867 sicut
633 1794 761 1866 Minoia
774 1795 861 1881 lata,

250 1917 315 1986 Per
331 1928 432 2012 caput
446 1910 564 1983 inlusae
581 1909 725 1983 fervidus
742 1910 862 1983 humor
878 1937 989 2009 aquae:

201 2030 314 2128 thue
330 2053 448 2126 parum
466 2023 555 2112 miti,
572 2022 629 2097 sed
647 2053 715 2097 uon
732 2023 887 2124 impune,
906 2021 1142 2110 Prometheus,

251 2142 368 2218 Aerias
385 2139 535 2214 volucres
551 2139 710 2234 sanguine
724 2138 810 2213 fixus
827 2136 917 2212 alas:

198 2327 295 2396 patrie.
314 2324 379 2392 Quo
389 2325 515 2395 supplicio
526 2328 559 2378 sit
571 2324 707 2391 adiectus,
792 2326 848 2397 ²⁸9·
865 2324 922 2376 alo!
937 2326 1007 2377 velut
1019 2325 1135 2394 Euryali.
1148 2323 1263 2376 Hermon

198 2427 253 2461 non
262 2405 322 2460 satis
329 2403 708 2460 constituuntAuuales.Doar.
757 2401 842 2455 lilium
852 2400 1117 2467 habuithessalum,
1127 2400 1266 2454 Thessaliae

237 2484 293 2549 284.
314 2483 341 2536 A
360 2485 424 2536 duce
442 2483 560 2535 Puniceo.
583 2484 708 2553 Crirspllio
758 2479 913 2550 regem,qui
921 2479 952 2532 ab
960 2478 1265 2552 Euryaloadvena(narn

200 2559 350 2615 Constantii
359 2561 456 2624 codem
470 2560 603 2630 quomodo
612 2561 708 2614 Noster
757 2572 815 2613 erat
824 2557 1266 2628 Corcyroeus)e10ssamonteprse·

199 2640 311 2694 Metam.
325 2641 389 2704 XV,
401 2658 467 2711 vers.
476 2643 541 2707 755,
558 2640 707 2710 Cinyphiam
756 2636 876 2705 cipitatus
890 2647 936 2689 est.
948 2636 986 2688 Ea
994 2636 1064 2688 caede
1072 2655 1153 2704 quum
1160 2637 1266 2705 purgari

197 2716 488 2771 „intumultuose
757 2734 813 2767 nou
822 2726 910 2784 posset
918 2713 1063 2786 Euryalus,
1075 2715 1194 2768 deditum
1204 2717 1266 2788 sty-

238 2796 294 2847 285.
310 2796 358 2846 Cui
367 2795 435 2846 nihil
448 2795 552 2846 Hercei.
571 2793 705 2857 Priamus,
757 2792 805 2862 gire
816 2791 905 2862 paludi
916 2803 1010 2862 caput,
1027 2793 1161 2848 furialibus
1172 2797 1267 2866 angui-

197 2872 333 2941 desperata
341 2871 422 2924 salute
430 2880 509 2924 suaet
518 2887 708 2932 suorum,con·
757 2869 805 2922 bus
817 2869 913 2924 dicitur
924 2871 1084 2940 absumptus.

197 2951 267 3019 fugit
278 2949 311 3002 ad
321 2966 392 3002 aram
403 2947 474 3000 Joris
483 2947 601 3012 Hercei,
613 2964 670 3013 quse
679 2947 708 2998 in
791 2966 848 3018 ²9¹·
862 2950 969 3001 Miiucio
978 2948 1087 3013 Minos,
1100 2949 1133 3002 ob
1141 2950 1266 3019 injuriam

199 3030 286 3084 media
297 3029 368 3098 regia
378 3038 433 3080 erat
444 3065 451 3093 ,
464 3028 508 3079 ubi
521 3046 535 3078 a
548 3024 653 3097 Pyrrho
663 3025 709 3077 ob-
758 3039 890 3096 acceptam
902 3047 917 3081 a
929 3027 1054 3094 Dedalo,
1068 3028 1216 3101 labyrintho
1225 3033 1266 3086 ia-

199 3120 335 3164 truucatus
351 3119 390 3162 est
408 3128 415 3164 ς
431 3107 495 3160 nihil
516 3107 591 3159 enim
608 3105 709 3174 profuit
757 3105 872 3172 bricato,
890 3125 952 3159 enm
969 3104 1047 3160 classe
1065 3119 1214 3175 persecutus
1227 3120 1267 3163 est

204 3207 304 3242 numen
325 3186 404 3239 Jovis.
418 3185 495 3238 lton.
512 3183 580 3235 Vide
598 3183 709 3237 omniuo
758 3182 789 3235 ad
797 3182 922 3238 Cocalum
931 3184 1177 3253 rogemSiciliae,ad
1185 3206 1265 3257 quern

202 3265 296 3334 virgil.
314 3262 421 3317 AEneid.
435 3263 477 3327 ll,
498 3266 554 3315 512.
566 3281 621 3329 sqq.
757 3262 1267 3336 confugerat,multisquepreclarisope·

235 3344 291 3411 287.
310 3342 391 3409 litque
407 3344 479 3393 dedit
491 3343 581 3392 saltus.
599 3339 709 3393 Plutar-
757 3338 1266 3413 ribuseditis,illiusgratiamsibicompa·

200 3420 265 3475 chus
277 3429 407 3472 memorat
426 3417 607 3471 divinatricem
625 3438 710 3487 quan-
758 3426 861 3469 caverat
872 3435 878 3469 :
889 3420 1092 3488 quumprimum
1101 3418 1191 3471 Minos
1203 3420 1265 3472 clas·

201 3497 277 3561 dam,
288 3494 456 3565 Aglaouicem
465 3495 585 3559 nomine,
595 3495 709 3565 Egemo·
757 3512 813 3547 sem
825 3492 924 3561 adpulit
935 3495 963 3547 in
975 3494 1107 3560 Siciliam,
1122 3494 1264 3548 hostiliter-

199 3578 241 3630 nis
253 3573 369 3629 Thessali
385 3573 485 3640 saliam,
504 3593 587 3643 quum
601 3573 628 3626 in
642 3572 709 3628 Ossa
758 3591 808 3640 que
818 3590 909 3642 agrum
920 3571 1102 3641 popularetur,
1113 3571 1224 3626 Cocalus
1232 3575 1265 3627 ad

199 3666 291 3708 monte
307 3653 389 3705 laune
407 3653 489 3705 coitus
501 3653 667 3718 obsecraret,
679 3651 709 3705 in
758 3649 915 3718 colloquium
924 3669 985 3702 eum
995 3650 1142 3718 provocavit
1151 3689 1158 3716 ,
1168 3670 1265 3719 propo·

198 3733 297 3802 iudicio
314 3730 483 3799 murittum,
506 3750 520 3783 a
533 3730 708 3797 mulierculis,
758 3726 856 3797 sitaspe
866 3727 978 3782 dedendi
986 3728 1214 3782 Dedali‘l'amdiu
1222 3749 1265 3782 au·

198 3809 406 3863 existimantibus
426 3810 458 3862 ab
476 3826 505 3860 ea
525 3807 627 3861 Lunam
646 3806 710 3860 caelo
759 3816 814 3860 tem
826 3810 900 3876 jussit
909 3826 972 3862 eum
986 3809 1012 3861 in
1028 3808 1137 3862 thermis
1147 3809 1264 3862 clausum

198 3887 308 3953 deduci,
325 3886 481 3957 gravissimis
500 3885 628 3940 adfectam
645 3904 710 3954 sup·
759 3897 909 3954 expectare,
921 3887 1007 3957 quoad
1019 3887 1158 3956 vaporibus
1169 3887 1266 3940 calida-

198 3968 300 4039 pliciis,
324 3977 351 4020 et
373 3987 404 4019 es
426 3966 496 4021 Ossa
515 3965 710 4034 praecipitatam.
759 3985 953 4034 romaquarum
961 3978 1000 4021 est
1009 3969 1155 4020 exstinctus.
1169 3969 1266 4021 Exani-

199 4047 267 4101 Dus.
278 4073 311 4084 -
324 4047 351 4096 Ε
359 4063 460 4097 summa
478 4047 503 4096 T
499 4047 616 4097 iessaius
634 4045 710 4098 Ossa.
759 4062 833 4095 mum
846 4063 940 4114 corpus
951 4044 1065 4097 reddidit
1076 4047 1168 4111 sociis,
1186 4047 1267 4101 adscr-

200 4127 346 4177 Desummo
357 4133 469 4189 quatuor
480 4121 569 4191 scripti
580 4131 606 4174 et
619 4122 710 4190 primae
760 4139 834 4173 mans
844 4140 904 4174 eum
913 4143 973 4176 casu
984 4122 1084 4190 lapsum
1095 4124 1123 4176 in
1133 4145 1212 4194 aquas
1223 4147 1267 4179 ca-

199 4202 345 4263 editiones;
359 4200 395 4254 sic
404 4201 514 4255 Metam.
524 4204 563 4269 X,
579 4204 664 4255 OEtam
672 4202 710 4255 bis
759 4200 823 4253 lidas
833 4213 970 4271 mortuum
981 4222 1044 4256 esse.

200 4277 345 4333 masculino
356 4296 452 4346 genere
464 4277 543 4342 dixit,
559 4289 587 4333 ut
599 4278 628 4345 in
642 4278 711 4346 opti·
793 4280 849 4351 ²93·
872 4281 953 4348 thue
967 4299 1059 4348 parum
1079 4288 1153 4337 metis
1177 4283 1267 4336 Scribe

200 4358 250 4409 mis
269 4367 307 4411 est
324 4353 474 4420 codicibus,
490 4365 516 4407 et
533 4366 590 4408 tum
603 4363 628 4411 ei
640 4375 712 4408 mons
760 4361 829 4422 ruiti,
843 4368 869 4409 et
880 4357 951 4410 refer
963 4359 994 4410 ad
1008 4362 1033 4412 ro*
1044 4368 1173 4428 staffor'rre.
1190 4360 1225 4411 ll.
1234 4387 1266 4398 —

201 4434 411 4504 subintelligitur.
424 4433 468 4486 Sic
483 4434 622 4504 Othrysap·
634 4436 712 4490 (ἔτι-
759 4435 870 4501 Impone,
879 4438 1044 4490 Prometheus.
1055 4437 1239 4498 Prometheus,
1252 4454 1266 4487 a

202 4529 246 4565 cos
259 4510 381 4564 seminini
396 4511 498 4580 generis
510 4521 563 4578 est,
578 4512 712 4566 masculini
760 4509 880 4565 Vulcano
891 4513 1013 4584 religatus
1023 4517 1050 4568 in
1060 4516 1176 4568 Caumso
1187 4531 1266 4564 mon-

201 4586 271 4656 apud
287 4587 428 4645 Romanos.
446 4587 547 4641 Hans.
759 4601 800 4658 te,
809 4592 889 4662 pascit
895 4597 1007 4665 aquilam
1018 4617 1024 4650 :
1034 4595 1160 4665 quoniam
1168 4590 1265 4645 etolim
