2768 4694
450 118 515 183 ET
540 114 918 184 PRAEFATIONES.
1152 118 1213 180 281

157 256 353 359 reperiatur,
363 254 414 327 cui
423 280 494 328 uon
504 252 686 327 virtutibus
696 250 831 326 dirersis
841 308 851 339 ,
863 249 915 325 rel
927 252 1089 352 superior,
1100 249 1149 326 rel
1162 280 1223 354 par

155 372 224 458 sit,
240 386 281 443 ut
295 365 456 443 secundus
473 367 659 453 aMarone,
677 365 722 439 ita
743 364 870 465 primus
888 382 1076 437 ceterorum
1093 392 1223 465 :neque

154 485 289 571 minus,
304 498 429 567 umen,
449 507 555 581 prope
569 477 705 551 ultimus
718 479 882 551 bonorum
894 505 901 549 :
915 504 990 550 nam
1009 477 1223 574 quemadmo-

156 599 239 673 dum
248 597 404 698 antiquos
411 594 515 669 lactea
532 596 645 695 (quod
657 611 743 668 recte
753 593 1082 668 summusaerinostn'
1092 594 1225 667 criticus

161 712 204 786 de
218 738 257 785 eo
272 709 423 810 judicat)
439 707 596 781 facilitate
614 705 792 795 emollivit,
817 708 863 780 ita
877 704 1011 808 pondus
1024 734 1062 779 ex
1079 706 1225 779 acumine

159 844 192 901 et
204 854 326 901 nervus
337 823 517 899 characteri
533 851 595 897 suo
614 823 760 911 addidit;
775 823 898 924 quibus
912 821 1023 898 nervis
1034 820 1135 921 paulo
1149 838 1226 920 post

117 1020 119 1025 ,
158 937 415 1025 declamatores,
430 937 539 1037 primo
546 936 710 1031 linguam,
724 965 801 1010 rnox
814 933 951 1038 poesin,
967 951 1173 1008 enervarent.
1182 986 1191 1007 .
1200 989 1223 1005 ..

164 1053 268 1126 Vides
285 1071 395 1127 autem
412 1051 530 1125 lluvios
551 1053 697 1125 minutos
713 1050 809 1138 illos,
829 1078 913 1151 quos
929 1068 986 1124 aut
1001 1050 1073 1149 ripa
1091 1076 1148 1122 sua
1171 1076 1228 1121 co-

161 1168 282 1254 hibet,
299 1186 358 1241 aut
369 1166 497 1241 lutum:
514 1167 667 1241 Rhenum
678 1195 755 1240 vero
773 1183 945 1254 nostrum,
964 1184 1087 1266 quanto
1100 1166 1230 1262 agmine

167 1310 206 1357 ac
221 1280 343 1356 fiducia
357 1280 502 1356 incedat!
518 1299 558 1354 ut
576 1279 744 1383 plerisque
760 1281 796 1355 iu
814 1281 895 1356 locis
912 1308 983 1355 uon
996 1281 1140 1359 diffundi
1159 1299 1231 1355 tan·

168 1418 258 1489 tum,
276 1399 335 1474 sed
351 1398 474 1475 effundi
499 1400 607 1475 amet!
635 1400 758 1475 Pontes
777 1425 910 1499 quoque
935 1417 992 1473 aut
1007 1396 1129 1486 vallos,
1148 1427 1233 1500 sape

167 1533 226 1593 aut
239 1514 430 1612 indignatur
444 1572 454 1603 ,
469 1533 528 1590 aut
544 1517 742 1617 perrumpit.
759 1518 805 1589 Et
824 1516 991 1588 Oceanum
1007 1516 1172 1612 ingentem
1190 1514 1234 1588 il·

167 1632 237 1707 lum
259 1648 359 1732 atque
383 1630 597 1717 immensum,
612 1628 784 1704 tutelarem
799 1648 968 1718 nostrum,
985 1630 1097 1720 vides,
1119 1632 1176 1733 qui
1190 1630 1233 1703 li·

171 1747 302 1824 toribus
318 1774 354 1822 sc
366 1745 529 1821 contineri
542 1762 643 1839 negat
657 1746 672 1819 Ρ
684 1744 807 1820 Caelum
820 1774 952 1857 quoque
965 1764 1059 1820 motu
1071 1764 1129 1820 aut
1146 1746 1234 1821 velo·

169 1864 287 1950 citate,
312 1862 366 1937 cui
393 1862 565 1964 proximus
587 1862 641 1936 hic
668 1878 803 1951 auctor,
824 1890 996 1963 nunquam
1019 1863 1232 1952 terminatur;

171 1978 316 2081 quamrm
330 1979 419 2051 intra
434 2006 469 2051 se
482 1977 643 2053 consistit
658 1978 752 2053 Idem
766 1976 836 2052 lieri
848 1979 903 2050 lrio
916 1978 1031 2053 crede:
1047 2007 1234 2079 quanquam

170 2097 256 2171 euim
272 2094 357 2169 nihil
373 2093 429 2166 hic
446 2093 491 2167 sit
503 2093 683 2170 violentum
694 2093 808 2193 ,nihil
823 2094 913 2195 quod
924 2124 993 2170 non
1006 2096 1121 2196 potius
1134 2095 1235 2169 leuis-

170 2215 252 2288 sime
268 2211 483 2313 persuadeat,
502 2239 600 2311 quarn
614 2231 726 2308 cogat3
743 2213 829 2287 nihil
843 2230 949 2285 tamen
964 2231 1030 2300 est,
1048 2212 1138 2313 quod
1152 2212 1234 2284 istos

171 2330 296 2401 limites
307 2357 377 2401 non
390 2326 488 2420 longe
499 2328 642 2400 excedat.
651 2330 689 2400 lu
698 2318 860 2405 Amorum
869 2327 1001 2428 quidem
1011 2328 1106 2402 libris
1115 2385 1125 2415 ,
1134 2354 1234 2426 quunt

174 2471 211 2519 sc
230 2443 375 2515 nondum
387 2439 567 2516 felicissimi
579 2441 722 2537 ingenii,
735 2446 786 2521 rel
804 2461 953 2546 caperet,
967 2442 1017 2516 rel
1034 2443 1235 2517 circumscri-

173 2559 270 2632 beret
283 2556 434 2643 ubertas,
447 2555 573 2656 aliquid
585 2585 822 2661 nonuunquam
835 2577 950 2648 notes,
965 2560 1056 2660 quod
1069 2559 1238 2660 permittat

175 2671 241 2748 sibi
253 2687 313 2744 aut
324 2670 502 2765 indulgeat.
516 2670 570 2743 Ad
583 2689 715 2761 eaetera,
727 2673 959 2778 inprimisque
972 2675 1133 2748 maturior
1144 2692 1237 2749 etate

176 2785 325 2886 scripsit,
343 2800 467 2884 quanto
484 2784 594 2859 minus
611 2783 788 2861 contulisse
801 2788 979 2884 diligentia
994 2788 1132 2878 ridetur,
1146 2807 1237 2862 tanto

178 2932 259 2979 curae
276 2903 354 3005 plus
369 2930 407 2977 ac
424 2902 594 2978 suavitatis
613 2901 734 2989 habet;
759 2930 829 3003 qua
850 2905 884 2978 in
907 2907 1015 2980 Fastis
1030 2924 1119 2980 tauta
1139 2907 1238 2981 nobis

178 3048 304 3121 semper
319 3020 409 3108 visa,
427 3036 466 3091 ut
480 3018 645 3093 narrando
661 3035 804 3097 mentem
818 3021 944 3095 homini
961 3040 1108 3097 excantat
1129 3052 1137 3095 ε
1162 3021 1237 3122 quia

180 3135 388 3221 suavitatem,
406 3161 571 3235 curaque
588 3132 834 3224 dissimulatur,
855 3163 926 3234 qua
941 3153 1090 3237 apparet,
1107 3136 1239 3210 taedium

180 3248 426 3351 molestiamque
442 3251 554 3351 parit:
572 3278 679 3351 neque
705 3250 879 3351 quicquam
905 3250 1027 3346 magis,
1046 3252 1135 3353 quod
1158 3277 1238 3351 prae-

181 3361 259 3435 clari
274 3365 331 3437 isti
355 3366 458 3439 critici
484 3395 553 3440 uon
576 3364 707 3454 vident,
732 3393 830 3467 quam
846 3368 993 3467 professa
1019 3368 1187 3463 diligentia
1207 3382 1241 3437 et

181 3476 295 3565 labor,
312 3475 456 3552 indolem
471 3509 508 3555 ae
526 3480 659 3577 genium
674 3497 807 3559 euertat
827 3510 835 3553 :
856 3482 991 3580 cujusne
1019 3482 1241 3583 suspicionem

181 3590 314 3692 quidem
330 3646 340 3677 ,
356 3590 415 3663 ubi
438 3590 560 3694 aliquid
586 3594 725 3668 dicendo
751 3596 1011 3695 persuadendum
1033 3615 1105 3681 est,
1128 3620 1242 3692 supre-

182 3737 257 3782 mus
273 3707 391 3780 doctor
411 3708 602 3786 Aristoteles
626 3711 782 3787 admittit.
807 3714 847 3786 In
869 3715 1051 3787 Heroidum
1080 3708 1241 3811 Epistolis

183 3853 264 3925 quas
281 3841 416 3913 vocant,
436 3852 508 3923 quae
523 3827 683 3904 Heroides
700 3845 778 3903 sunt
794 3829 984 3917 Prisciano;
1000 3827 1117 3925 (eujus
1132 3842 1240 3900 autem
