2768 4694
447 387 514 452 ar
537 378 923 452 nanssrrouas.
1003 416 1006 421 -
1158 387 1220 452 sn
1279 347 1296 372 ⁴

151 529 258 605 dioati
268 528 474 628 sint(qaam
486 542 632 612 constet,
647 524 935 613 testeMacrobio,
952 524 1056 600 fastos
1066 525 1136 600 dies
1145 556 1225 629 pro-

151 655 269 744 lestis,
287 653 355 728 sive
369 649 555 748 negotiosis
567 651 690 735 inesse,
710 647 767 748 qui
777 648 871 722 sestis
884 677 923 723 ae
938 651 1039 725 sacris
1051 651 1228 729 adsona-

151 784 258 884 tur),
277 778 427 882 sed-quia
442 776 607 878 ejusmodi
618 772 772 863 annales,
790 804 894 876 quum
911 776 983 852 dies
994 777 1099 854 fastos
1115 781 1226 855 nefas-

152 910 276 1009 tosque
297 903 508 990 contineant,
528 899 640 975 decuit
661 929 680 975 a
699 899 819 974 diebus
837 899 1087 977 candidioribus
1104 930 1141 977 ae
1157 932 1226 978 me-

149 1029 298 1106 lioribus
319 1023 498 1101 nominari.
522 1025 641 1097 Fastos
667 1040 776 1096 antem
808 1022 878 1097 dies
909 1019 1046 1099 nefastis
1072 1044 1228 1127 prestare

149 1152 282 1228 nemini
298 1149 441 1225 dubium
457 1164 527 1232 est;
544 1144 633 1219 unde
650 1174 669 1218 a
685 1148 784 1221 Festo
801 1146 961 1248 Pompeio
981 1146 1057 1221 festi
1071 1147 1229 1224 dicuntur

151 1276 363 1351 nefastorum
380 1268 642 1372 comparatione:
663 1269 756 1343 lastis
771 1269 858 1343 enirn
876 1268 1015 1359 diebus,
1037 1271 1151 1345 eodem
1170 1303 1230 1347 au·
1251 1250 1256 1260 '

155 1420 273 1486 etore,
287 1395 435 1498 jucunda
447 1394 508 1468 lari
523 1392 643 1467 licebat
658 1422 666 1481 ;
690 1393 825 1470 nefastis
840 1395 989 1495 quaedam
1007 1424 1076 1468 non
1096 1394 1226 1472 licebat.

160 1525 277 1621 Quam
294 1520 341 1594 ob
356 1546 484 1594 cansam
499 1517 667 1592 Eusebius
684 1546 742 1592 eos
764 1518 875 1593 tristes
891 1517 1055 1620 adpellare
1077 1550 1144 1594 uon
1165 1519 1228 1596 du-

157 1647 266 1734 bitat,
283 1646 309 1719 ii
321 1644 409 1720 enim
423 1643 507 1732 diss,
523 1644 673 1744 quamvis
685 1644 818 1745 proprie
832 1644 896 1717 atri
911 1672 981 1717 non
993 1646 1076 1732 sint,
1091 1664 1130 1719 ut
1142 1665 1228 1721 recte

162 1769 272 1846 Aulus
292 1766 420 1844 Gellius
444 1766 562 1854 donet,
592 1794 655 1868 pro
676 1764 907 1840 abominandis
933 1783 1041 1842 umen
1063 1769 1231 1844 interdum

163 1892 388 1995 accipiuntur,
415 1907 500 1970 teste
519 1889 761 1991 Porphyrioue.
785 1890 903 1962 Horat.
927 1886 993 1962 Ille
1015 1904 1046 1963 et
1069 1891 1184 1992 nefasto
1201 1908 1231 1967 te

160 2013 266 2117 perit
275 2013 334 2089 dr'ae.
350 2012 496 2101 Statius,
515 2012 552 2087 in
565 2011 672 2086 Theb.
691 2009 714 2083 6
733 2041 741 2084 :
760 2008 929 2112 Prospectu
943 2012 1028 2085 orites
1041 2013 1232 2091 monhore

167 2138 291 2239 ψη
303 2136 390 2212 Sane
404 2137 580 2212 Fastorum
589 2134 812 2210 inventionem
827 2134 981 2209 nonnulli
993 2133 1135 2212 Eudoxo
1150 2139 1233 2212 Gni-

169 2261 224 2336 dio
240 2248 413 2356 asuologo
431 2260 599 2348 tribuunt,
618 2260 765 2334 Socratis
780 2259 943 2349 auditori,
961 2259 1135 2362 sodalique
1157 2262 1231 2336 Pla-

167 2386 275 2474 tonis;
294 2384 385 2484 quod
398 2409 556 2456 verumne
568 2382 629 2470 sit,
643 2379 783 2458 αΙὶοταω
796 2383 840 2455 sit
851 2380 1021 2480 judicium.
1032 2387 1132 2458 Hunc
1146 2404 1233 2459 certe

167 2507 304 2582 servius
311 2506 427 2580 scribit
436 2505 581 2606 primm
594 2532 715 2580 annum
722 2504 977 2606 deprehendisse
993 2535 1001 2577 :
1016 2534 1114 2605 quem
1126 2525 1234 2580 tamen

167 2628 391 2706 dubitandum
407 2629 476 2701 non
488 2646 552 2716 est,
564 2627 639 2702 enm
649 2628 796 2703 hausisse
806 2629 848 2702 ab
860 2627 1027 2729 AEgyptiis
1036 2628 1231 2731 disciplinis.

169 2755 375 2855 scriptorem
391 2769 500 2826 autem
520 2752 694 2825 Fastorum
711 2751 814 2828 fuisse
832 2755 985 2827 Lucanus
1001 2770 1160 2841 testatum
1178 2773 1233 2846 ut,

171 2882 244 2956 Nec
258 2904 343 2951 meus
355 2874 490 2950 Eodoei
502 2875 643 2949 oriretur
640 2875 778 2974 sostr'bus
788 2904 895 2950 moos.
916 2877 1003 2952 Eum
1018 2879 1168 2955 Laertius
1184 2910 1235 2955 re-

171 3003 235 3078 lert
251 3002 286 3075 in
305 3002 453 3104 AEgypto
463 3027 698 3074 annumnnum
712 3017 883 3076 senenses
897 3017 1041 3102 quatuor
1055 3021 1234 3094 moratum,

174 3146 284 3202 mento
302 3144 435 3200 attonso
457 3142 556 3226 atque
582 3121 775 3225 supercilio,
795 3143 869 3199 octo
886 3154 1049 3200 annorum
1064 3128 1236 3206 historiam

173 3251 341 3352 scripsisse
356 3280 364 3324 :
381 3249 458 3351 qui,
473 3265 511 3323 ut
521 3245 630 3321 Aulus
644 3245 773 3323 Gellius
784 3249 948 3338 meminit,
961 3279 1030 3326 nun
1039 3253 1146 3327 multo
1159 3274 1238 3355 post
1329 3298 1332 3303 ·

173 3376 314 3448 Romam
338 3402 356 3446 a
385 3371 490 3446 Gallis
513 3387 663 3472 raptam,
680 3369 920 3473 obsessumque
947 3374 1174 3475 Capitolium,
1201 3379 1236 3449 in

175 3496 504 3571 Granianobilitatns
515 3512 575 3571 est.
587 3494 677 3570 lllud
687 3493 823 3597 planum
832 3515 892 3584 est,
902 3497 1021 3597 priscis
1029 3501 1235 3601 temporibus

172 3621 214 3696 ad
232 3620 365 3694 Curiam
383 3620 571 3706 Calabram,
587 3619 648 3694 ubi
664 3637 793 3695 tannim
810 3648 978 3696 sacrorum
996 3624 1082 3697 ratio
1100 3622 1236 3719 gereba-

173 3763 239 3831 tur,
254 3761 403 3819 senatum
413 3746 521 3819 vorari
535 3742 689 3832 solitum,
704 3743 1019 3846 etpopnlumarege
1030 3742 1234 3821 Sacrificola:

174 3888 213 3943 nt
231 3868 413 3967 (quoniam
429 3866 537 3943 adbuc
551 3866 626 3945 lasti
641 3897 711 3942 non
728 3869 843 3965 erant)
858 3869 1091 3945 sacrificiorum
1107 3895 1239 3969 preno-

175 4008 305 4068 scerent
318 3991 403 4079 dies,
418 4019 455 4064 ao
467 3987 629 4066 ludorum.
642 3994 775 4067 Primus
787 4010 895 4068 autem
909 3997 1026 4069 Festos
1039 3998 1075 4068 iu
1084 3991 1238 4068 volumen

176 4116 327 4190 redactos
343 4112 527 4217 publicavit
538 4114 600 4191 Cn.
612 4113 762 4207 bladus,
776 4118 880 4220 appii
894 4117 1114 4205 carianitis,
1128 4118 1239 4193 invitis

250 4247 362 4314 VIII.
1025 4272 1070 4317 at
