2768 4694
487 344 583 412 rste
606 343 900 425 rurussou.
1160 352 1223 443 ¹⁵9

153 483 249 584 744,
269 479 467 584 elabique
489 483 634 585 primum
656 484 824 572 scribens,
841 483 902 559 lib.
927 487 1009 574 LX,
1022 514 1107 587 pag.
1130 487 1209 592 667.
1216 523 1225 564 :

158 631 176 661 «
197 598 273 671 llos
289 596 433 673 bonores
447 597 643 698 parentibus
660 598 729 673 suis
743 598 911 688 tribuens,
924 599 997 701 ipse
1009 598 1093 673 nihil
1105 622 1228 702 praeter

158 745 176 777 »
194 714 328 788 nomina
345 713 477 816 imperii
496 713 635 815 accepit.
659 714 745 811 Quae
761 715 847 788 enim
865 714 1030 816 equestria
1053 718 1227 793 certamina
1337 742 1342 751 “

158 861 177 893 »
199 827 265 903 kal.
281 831 431 927 Augusti
446 831 530 932 (qui
542 848 593 905 est
603 830 723 905 natalis
737 830 888 929 Claudii)
905 830 1115 922 exhibentur,
1126 832 1225 908 insti-

161 976 180 1008 »
202 960 271 1020 tuta
286 964 367 1022 sunt
382 965 578 1049 propterea,
596 946 687 1049 quod
705 977 743 1022 ea
766 948 819 1022 die
841 948 982 1022 Mirus
1003 946 1089 1023 cedes
1108 975 1226 1023 conse-

156 1091 173 1122 »
191 1077 282 1134 crata
306 1060 384 1135 fuit.
409 1093 429 1128 n
458 1063 509 1135 Ex
530 1089 597 1161 quo
626 1058 701 1134 loco
726 1060 910 1136 Bucherius
935 1059 1090 1149 deducit,
1116 1088 1227 1136 revera

153 1174 270 1250 Mortis
285 1176 449 1278 templum
465 1177 529 1250 tat
545 1181 635 1276 Aug.
656 1206 708 1250 an,
722 1180 768 1251 U.
783 1179 822 1251 C.
840 1176 928 1278 752,
946 1176 1130 1256 dedicatum
1142 1207 1223 1253 esse.

156 1293 204 1364 At
219 1320 327 1393 quum
351 1293 531 1368 historicus
558 1293 615 1368 ille
643 1293 781 1368 omnino
797 1294 859 1367 bac
875 1292 912 1366 in
929 1310 1023 1393 parte
1040 1294 1230 1370 adversetur

162 1407 279 1484 ordio
294 1427 328 1483 et
340 1409 535 1498 kdcrdorr'r,
555 1410 680 1512 quibus
695 1408 930 1511 locupletiores
946 1409 1009 1485 bac
1025 1411 1061 1485 in
1075 1441 1110 1488 re
1128 1430 1227 1487 testes

158 1522 337 1598 desiderari
348 1544 537 1627 nequeunt,
551 1527 628 1602 idco
643 1526 749 1601 dicere
757 1523 888 1614 malim,
902 1523 954 1600 vel
966 1525 1103 1600 Dr'orrerrr
1115 1526 1226 1629 ipsum

155 1640 257 1716 fuisse
271 1640 525 1732 hallucinatum,
544 1642 596 1718 vel
611 1644 724 1744 potius
740 1642 942 1717 meudumin
957 1643 1029 1741 ejus
1042 1645 1154 1719 verbis
1167 1674 1224 1720 cu-

154 1754 251 1844 bare,
268 1785 304 1830 ac
319 1754 396 1832 loco
412 1758 506 1833 vocis
521 1759 640 1832 Mortis
653 1757 881 1857 reponendum
896 1783 966 1830 esse
978 1757 1124 1832 numinis
1141 1759 1224 1835 alius

154 1899 286 1946 nomeu.
303 1872 458 1948 Profecto
475 1875 511 1947 in
527 1873 593 1949 alio
608 1874 729 1947 veteris
748 1871 925 1946 kalendarii
944 1871 1116 1967 fragment.
1137 1876 1224 1976 apud

158 1986 281 2061 Gruter.
308 2017 384 2090 pag.
414 1988 503 2084 134,
523 1990 565 2065 ad
590 1989 657 2063 kal.
686 1992 849 2063 Aususrr
876 1987 1041 2085 legimus:
1061 1987 1154 2063 SPEt.
1174 2011 1223 2066 Ab

155 2120 280 2177 FORVH
297 2106 535 2180 HOHTORIVM
551 2125 676 2181 ttffll..
693 2125 740 2179 ‘l'l-
759 2105 911 2179 CLAVDII
929 2104 1146 2178 GERMANICI.

200 2222 254 2294 Ex
273 2221 371 2296 dictis
387 2223 494 2318 igitur
508 2219 591 2297 clare
608 2223 688 2297 satis
708 2240 817 2323 patet,
836 2227 948 2297 Artem
965 2224 1161 2298 Amatoriarrr
1179 2222 1221 2296 ab

156 2337 275 2411 ovidio
292 2340 397 2415 luisse
415 2339 552 2426 editam,
570 2339 693 2441 templo
708 2338 841 2439 quidem
857 2340 977 2413 Martis
992 2339 1058 2438 jam
1074 2342 1221 2412 Nauma-

158 2451 230 2526 chia
241 2453 379 2555 aliisque
396 2452 593 2555 spectaculis
610 2454 776 2540 dedicato,
797 2482 854 2526 seu
866 2472 945 2554 post
955 2473 994 2526 tv
1007 2455 1096 2525 11)th
1105 2453 1223 2524 Mults

157 2566 257 2665 hujus
272 2572 368 2658 anui,
386 2570 445 2645 sed
463 2589 541 2645 ante
558 2570 653 2646 Juliae
670 2570 904 2672 relegationem
924 2580 947 2656 ¹,
965 2597 1002 2642 ac
1020 2568 1223 2668 Septembris

157 2682 267 2758 finem.
285 2687 368 2781 Qua
385 2687 544 2762 sententia
558 2688 750 2786 jamdudum
766 2685 968 2759 doctissimis
986 2682 1110 2786 placuit
1127 2684 1221 2771 viris,

159 2824 248 2894 quos
266 2797 353 2870 inter
368 2797 538 2898 Keplerurrr
555 2800 669 2874 laudat
683 2799 928 2874 illustrissimus
943 2796 1096 2872 Norisius
1114 2807 1146 2886 ²,
1165 2800 1221 2898 qui

157 2930 188 2986 et
204 2912 349 2989 eamdem
372 2946 432 2991 suo
459 2917 585 2992 calculo
613 2917 762 3017 probat:
784 2952 800 2981 «
819 2919 888 2990 Eos
910 2945 986 2990 vero
1002 2973 1012 3005 ,
1031 2916 1095 3004 ait,
1114 2915 1219 2990 libros

159 3065 175 3095 r
195 3034 316 3133 (Aro's
324 3036 493 3129 Amordr')
509 3053 587 3108 ante
604 3034 788 3107 damnatam
801 3034 925 3107 Juliam
939 3034 1082 3135 scriptos
1100 3037 1219 3136 opina-

160 3183 175 3215 »
192 3169 265 3241 tur,
285 3160 302 3249 (
311 3152 502 3256 Keplerus)
521 3152 613 3253 quod
629 3151 786 3246 Augusto
800 3151 960 3226 adulteris
977 3152 1113 3247 ingenti·
1127 3182 1220 3228 sere-

159 3299 174 3332 »
191 3269 286 3343 ritate
303 3297 420 3371 poenas
436 3270 624 3364 irrogante,
640 3266 832 3368 neutiquam
857 3287 955 3368 poeta
977 3294 1078 3342 ausus
1103 3269 1220 3345 diisset

156 3417 173 3450 »
190 3386 348 3462 adulteria
366 3415 406 3462 ac
422 3387 628 3489 promiscuos
640 3386 849 3461 loeminarum
862 3414 990 3461 amores
1005 3415 1074 3460 nou
1089 3405 1215 3462 tantum

158 3532 175 3564 n
191 3501 342 3592 laudare,
356 3530 469 3579 rerum
485 3503 581 3578 etiam
597 3502 785 3605 praecipere.
803 3505 879 3576 Non
898 3505 1029 3604 rejicio,
1047 3506 1218 3605 subjungit

161 3646 179 3679 υ
196 3617 484 3695 Eminentissimus
505 3618 580 3705 vir,
607 3616 816 3719 probabilem
839 3618 1070 3717 conjecturam.
1097 3655 1114 3686 »
1135 3622 1218 3691 Nam

190 3818 197 3848 ¹
217 3814 284 3870 Eam
293 3829 355 3872 nte
365 3817 441 3888 brq'us
451 3820 515 3874 anni
529 3819 626 3874 exitum
639 3819 736 3878 lectam
748 3815 798 3873 atio
808 3782 901 3887 probat
912 3831 1068 3894 argumento
1081 3815 1122 3869 Cl.
1137 3816 1217 3869 Nori·

156 3898 379 4053 ἓυὲἑτᾶἷιῐὲεέἓ
391 3903 474 3961 Pim-
489 3923 546 4008 pag.
560 3905 621 3971 183,
640 3922 722 3974 quem
733 3912 761 3959 et
770 3920 820 3957 uos
828 3904 910 3958 secuti
920 3924 1012 3960 sumus
1022 3941 1030 3968 ,
1042 3900 1105 3953 Jani
1114 3899 1217 3968 Templ.

184 4079 196 4110 ²
212 4077 255 4130 De
270 4075 367 4131 cenot.
381 4075 497 4147 Pium.
513 4079 565 4132 ¹88.
