2768 4694
453 362 519 426 ET
544 361 925 429 PRAEFATIONES.
1154 365 1218 431 283

153 504 319 577 instituto
337 500 466 576 maximi
485 518 611 602 poetae,
627 501 722 575 cedit.
739 500 825 574 lllud
839 519 965 588 autern,
980 516 1141 600 quantum
1157 502 1221 591 sit,

154 619 347 722 paucissimi
368 616 569 713 intelligunt.
588 620 805 719 Quanquam,
822 619 857 692 in
874 616 1117 720 posterioribus
1137 647 1223 720 prae-

159 738 289 823 sertim,
306 748 419 835 neque
438 734 536 829 vigor
558 733 644 807 idem
672 762 801 836 semper
818 734 920 822 adsit,
938 749 970 806 et
987 727 1223 835 nunnunquam

157 862 294 929 manum'
303 852 420 955 potius
433 851 561 950 injiciat
572 850 703 924 fortuna
717 852 788 925 viro
802 879 900 952 quam
913 868 1074 925 senectus.
1090 848 1226 927 Accedit

160 996 284 1043 summa
311 984 446 1043 murum
470 965 655 1041 amabilitas
677 994 714 1039 ac
732 968 881 1041 candor:
899 996 1024 1041 summa
1047 967 1225 1041 amicorum

160 1080 366 1155 observantia
382 1108 422 1153 ac
439 1079 548 1153 cultus
572 1111 580 1153 :
605 1108 731 1154 summa
748 1109 824 1177 erga
848 1081 1019 1180 conjugem
1038 1079 1225 1175 benignitas

160 1226 196 1272 ac
207 1226 300 1271 amor
315 1195 478 1269 :maxima
489 1196 664 1296 parentum'
676 1199 854 1271 reverentia
871 1228 907 1273 ac
921 1198 1086 1273 studium:
1098 1224 1224 1270 summa

162 1312 305 1413 deniqne
333 1310 435 1384 animi
462 1311 648 1407 integritas;
673 1340 745 1413 quae
771 1312 910 1389 similem
932 1313 1075 1388 colorem
1093 1310 1226 1412 scriptis

162 1454 301 1528 quoque
327 1426 520 1515 attendunt,
538 1446 572 1501 et
587 1427 761 1522 imaginem
782 1431 818 1503 in
843 1430 884 1504 iis
905 1433 958 1504 sui
979 1447 1222 1530 repraesmtant.

163 1545 268 1639 Quae,
283 1570 352 1643 quo
364 1543 499 1644 propius
511 1569 529 1614 a
540 1543 705 1619 finevates
718 1545 828 1634 abest,
842 1545 963 1620 clarius
976 1543 1119 1635 elucent,
1137 1546 1224 1619 ideo-

161 1686 226 1757 que
246 1656 472 1733 vehementius
488 1658 671 1733 delectant:

337 1832 378 1886 Ut
388 1850 442 1885 ease
455 1831 547 1885 Phoeti
559 1830 661 1885 dulcius
673 1832 764 1885 lumen
775 1832 841 1886 solet

336 1922 397 1977 Jam
409 1923 464 1992 jam
478 1922 612 1987 cadentia
628 1934 696 1977 astra
709 1942 791 1993 quum
803 1933 928 1994 repetunt
938 1925 1017 1991 vices,

340 2014 526 2084 Premiturque
540 2015 635 2068 dubius
645 2025 724 2070 nocte
736 2014 818 2068 vicina
830 2014 893 2070 dics.

230 2314 503 2388 HERCULIS
530 2314 739 2391 CIOFANI
767 2317 1149 2393 SULMONENSIS

581 2490 801 2546 nnnrarro

374 2642 420 2699 ru
448 2602 715 2709 missoris
731 2645 1026 2717 00001000,

407 2832 613 2873 musanusruo
629 2834 722 2884 00001
730 2828 981 2877 'umccaumssuuo

311 2950 523 3055 000000
555 2946 795 3032 semrom
826 2916 1096 3034 connium.

210 3137 575 3234 Qttutt'rtttt'ductriuae
593 3136 807 3234 ctss'ciegantiae
821 3138 856 3215 in
872 3138 930 3213 his
945 3138 1107 3241 Epistolis
1129 3141 1222 3215 adhi-

164 3254 271 3329 buerit
287 3240 448 3330 Ovi-ntus
460 3312 470 3344 ,
483 3274 553 3329 000
567 3255 711 3343 invitus,
729 3255 758 3329 si
769 3256 848 3331 mihi
865 3284 926 3356 per
935 3258 1167 3357 occupationes
1180 3259 1221 3331 li-

165 3388 267 3456 cerct‚
282 3360 507 3461 cateridem,
519 3392 553 3447 et
563 3374 599 3446 ni
611 3370 809 3457 doctissimis
820 3371 1009 3474 quibusque
1017 3394 1221 3479 perspectum

164 3501 263 3582 atquc
278 3487 481 3587 exploratum
491 3506 592 3564 esset.
619 3486 715 3585 Quid
740 3484 782 3562 'de
799 3487 878 3561 artis
893 3488 1030 3588 poeticae
1051 3490 1222 3591 preceptis

164 3601 285 3689 dicam,
298 3632 370 3703 qun
378 3607 414 3679 iu
424 3608 605 3681 hisiusunt
616 3636 687 3682 una·
697 3605 883 3681 cum²rariis
895 3607 1078 3696 affectibus,
1090 3607 1222 3707 quibus,

162 3720 221 3819 qui
239 3739 367 3807 amant,
384 3726 626 3813 excindantur,
645 3725 769 3826 optimc
783 3742 815 3797 et
832 3724 1085 3824 prudentissime
1099 3750 1225 3822 expres-

164 3836 237 3908 sis?
253 3838 293 3908 ln
310 3834 433 3936 quibus
445 3838 516 3914 'ht'c
532 3843 643 3916 omnia
655 3842 701 3914 ita
717 3838 824 3912 efficta
841 3858 875 3913 ct
888 3869 1036 3944 expressa
1050 3839 1223 3932 leguntur,

163 3949 216 4023 rix
235 3966 275 4022 ut
293 3950 383 4050 apud
395 3977 460 4023 nos
471 3949 554 4028 iiber
566 3957 630 4043 sit,
650 3957 708 4057 qui
723 3954 798 4031 cuni
816 3956 869 4031 his
883 3958 1001 4031 merito
1020 3951 1226 4027 conseratur:

167 4066 316 4169 quamvis
338 4096 409 4143 non
425 4070 550 4146 bonum
566 4070 661 4175 plane
677 4075 781 4149 fatum
797 4076 920 4149 sortita
946 4102 1016 4147 esse
1040 4070 1221 4151 videantur.
