2768 4694
130 323 153 391 6
416 330 456 398 P.
487 333 667 404 0v1n11
698 339 928 411 NASONIS

180 472 256 544 Hoc
270 497 334 564 ego
352 467 496 544 devoveo
515 488 613 572 teque
631 492 773 578 tuosque
790 480 901 556 modo.

131 590 245 688 thue
261 583 331 671 ille,
351 585 500 662 historiis
517 588 679 665 involvam
696 596 840 670 carmina
857 598 972 672 caecis:

177 705 257 776 Nou
274 700 395 776 soleam
410 704 560 804 quamvis
576 705 640 779 boc
657 735 761 802 genus
778 712 850 812 ipse
864 712 969 815 sequi.

129 816 225 893 Illius
242 817 397 914 ambages
412 819 562 905 imitatus
579 823 615 897 in
632 825 729 898 lbide
748 826 855 918 dicar,

182 933 322 1010 Oblitus
338 937 441 1011 moris
457 938 640 1041 judiciique
655 941 729 1014 mei.
1169 966 1203 1017 oo

37 1077 39 1081 ’
130 1053 176 1125 Et
192 1054 367 1153 quoniam,
385 1056 442 1155 qui
457 1057 518 1144 sis,
536 1058 686 1133 nondum
706 1062 935 1160 quarentibus
952 1063 1036 1153 edo,

177 1167 283 1241 Ibidis
301 1167 425 1243 interea
441 1187 478 1244 tu
495 1200 628 1271 quoque
646 1199 768 1247 nomen
785 1175 881 1249 habe.

129 1285 242 1383 thue
258 1285 321 1357 mei
339 1312 452 1359 versus
468 1284 675 1384 aliquantum
693 1291 802 1362 noctis
818 1292 1013 1383 habebunt,

179 1401 233 1476 Sic
250 1402 323 1475 vitae
339 1402 439 1474 series
456 1418 525 1474 tnta
544 1401 589 1475 sit
600 1418 671 1474 atra
689 1420 761 1476 tuse.

129 1517 209 1591 Haec
225 1517 287 1590 tibi
305 1514 405 1590 natali
421 1515 514 1605 faxo,
534 1515 677 1617 Janique
692 1517 863 1609 kalendis,

177 1634 256 1708 Non
271 1632 453 1705 mentituro
470 1632 612 1734 quilibet
627 1662 685 1707 ore
700 1633 796 1730 legat.

130 1751 176 1824 Di
190 1747 289 1824 maris
307 1767 340 1824 ct
357 1767 471 1835 terrm
493 1750 617 1851 quique
632 1750 685 1825 bis
702 1749 838 1825 meliora
857 1751 976 1827 tenetis

180 1868 271 1940 luter
288 1866 437 1942 dirersos
453 1896 528 1942 cum
544 1869 564 1939 J
569 1895 628 1940 ove
643 1896 744 1963 mgna
758 1866 877 1968 polos;

131 1981 208 2055 Huc
225 2009 360 2084 precor,
378 1981 444 2056 buo
458 1997 583 2057 vestras
597 2009 714 2056 omnes
732 1982 892 2055 advertite
908 2000 1057 2072 mentes,

179 2098 226 2170 Et
240 2096 338 2172 sinite
354 2098 478 2199 optatis
492 2097 626 2200 pondus
644 2098 751 2172 inesse
767 2099 859 2172 meis.
1169 2135 1203 2190 7⁰

130 2214 274 2316 Ipsaque
293 2233 328 2288 tu
344 2213 481 2300 Tellus,
498 2216 608 2315 ipsum
619 2241 701 2289 ‘cum
715 2215 873 2322 ductibus
888 2218 1033 2318 AEquor,

180 2335 255 2434 lpse
272 2362 378 2418 meas,
395 2333 531 2420 AEtber,
549 2333 679 2434 accipe,
695 2361 839 2420 summe,
857 2363 997 2436 preces:

133 2449 332 2552 Sideraque,
350 2469 384 2525 et
400 2452 501 2526 radiis
519 2452 718 2528 circumdata
735 2452 823 2527 Solis
841 2454 969 2550 imago;

132 2623 208 2692 cujus
220 2633 296 2677 terre
308 2622 363 2677 bec
378 2623 431 2677 avis
443 2623 515 2693 quasi
527 2622 643 2692 peculia·
692 2623 751 2678 lbin
764 2634 871 2691 monet,
890 2634 920 2678 ut
932 2624 1012 2678 natali
1028 2644 1094 2692 suo,
1109 2624 1202 2681 kalen-

132 2702 169 2759 ris
181 2721 188 2758 ε
201 2713 313 2773 utroque
326 2713 415 2756 nutem
428 2701 508 2756 modo
519 2720 567 2770 per
578 2720 644 2754 con·
692 2700 782 2770 disque
793 2701 934 2770 januariis,
946 2701 991 2755 bas
1003 2701 1202 2773 imprecationes

132 2792 279 2853 temptum,
292 2792 318 2835 et
329 2779 526 2836 contumeliose.
539 2779 643 2833 Mrem.
693 2779 807 2848 equoris
819 2780 866 2849 legi
877 2818 884 2846 ,
894 2779 994 2848 sibique
1005 2799 1052 2849 pro
1059 2780 1149 2836 faustis
1157 2783 1204 2836 irn-

168 2865 206 2932 57.
227 2862 308 2929 [Itque
320 2864 381 2925 itte,
394 2864 508 2914 historiis
520 2862 644 2912 involvam
693 2856 885 2926 precationibus
906 2858 1008 2911 recitari
1027 2873 1124 2928 curet,
1149 2881 1201 2930 quo

134 2943 248 2995 cumcito
264 2944 345 2993 cecis.
362 2937 456 2991 Suidas
469 2938 549 2991 etiam
563 2935 644 2989 catti·
692 2933 745 2988 scil.
757 2935 787 2989 iis
798 2935 889 2988 diebus
901 2937 1093 3003 pronunciata,
1105 2935 1201 2990 certio·

134 3017 220 3073 machi
228 3017 344 3072 libellum
354 3017 380 3071 in
391 3017 448 3072 lbin
456 3018 644 3086 perobscurum
692 3033 749 3067 rem
761 3015 904 3083 perniciem
912 3014 1077 3082 portendant.
1087 3015 1200 3067 Veteres

134 3099 214 3153 fuisse
223 3109 346 3163 testatur,
356 3097 388 3150 dc
399 3117 451 3165 qno
460 3096 600 3165 Papinium
609 3095 644 3148 lo·
692 3095 780 3160 enim,
793 3092 920 3164 quidquid
934 3094 1030 3148 ominis
1042 3089 1119 3157 mali,
1134 3103 1200 3146 tem·

135 3178 181 3247 qui
191 3196 247 3230 non
255 3175 362 3240 dubito,
376 3174 419 3227 lib.
428 3175 468 3229 lV
478 3172 548 3246 Sylv.
561 3191 644 3241 quum
692 3173 798 3241 poribus
808 3172 857 3226 illis
866 3171 985 3225 auditum
997 3171 1101 3234 suisset,
1111 3169 1199 3223 dirum

134 3253 363 3325 patremlaudatin
372 3253 428 3319 ejus
438 3249 563 3319 epicedio,
574 3248 643 3318 quod
693 3251 780 3304 nescio
792 3250 863 3319 quod
878 3250 985 3304 exitium
999 3249 1094 3304 minari
1106 3249 1201 3304 erede-

136 3333 306 3398 Callimncbi,
318 3331 511 3405 Lycophronis,
524 3329 644 3399 Sophro-
693 3329 763 3382 bant.
778 3327 880 3382 Contra
892 3329 947 3382 dies
959 3329 1032 3392 illos,
1047 3329 1068 3381 si
1081 3326 1145 3380 nibil
1157 3328 1201 3380 in-

134 3413 175 3467 nis
196 3423 224 3467 ct
243 3410 370 3466 Corinna
386 3427 475 3463 versus
496 3407 647 3460 obscurissi-
693 3404 770 3459 fausti
782 3405 945 3474 contigisset,
958 3403 1128 3459 laustissimos
1139 3424 1201 3457 cen-

135 3487 193 3545 mos
205 3488 371 3559 intelligeret.
693 3484 792 3538 sebant.
806 3483 925 3538 Snnvso.

167 3569 208 3621 bn.
224 3568 270 3620 ¹Tu
287 3583 389 3634 qnoque.
408 3561 646 3633 Quemadmodum
726 3563 766 3616 68.
776 3562 846 3613 Inter
853 3563 964 3614 detersos
969 3561 1052 3626 polos.
1066 3558 1201 3613 Arcticum

136 3643 295 3716 Apollonius
304 3640 432 3695 Rhodius.
445 3641 523 3694 Dont.
694 3650 721 3693 ct
737 3639 915 3692 antarcticum.
933 3638 993 3691 Diri
1009 3648 1085 3690 erant
1102 3637 1203 3692 duode-

169 3726 209 3781 65.
225 3727 287 3776 Hac
301 3726 351 3775 sibe·
362 3720 551 3786 notatissimo.
567 3719 646 3774 Unus
694 3717 763 3782 cim,
779 3714 897 3784 quicum
912 3716 979 3768 Jove
994 3713 1148 3768 dicebantur
1162 3727 1203 3770 tc-

136 3825 168 3859 cx
183 3803 249 3857 meis
255 3801 360 3869 sacten,
376 3799 552 3852 Bononiensis
561 3796 646 3864 sacto.
694 3812 758 3847 nere
773 3793 883 3859 celum,
897 3802 923 3844 et
937 3792 1070 3860 majorum
1081 3794 1201 3862 gentium

139 3881 230 3936 Scribe
231 3879 318 3947 sarm·
331 3875 402 3946 quod
413 3888 451 3930 est
461 3875 647 3931 minantissni·
694 3873 739 3925 Dii
752 3873 912 3925 vocabantur
923 3893 929 3932 ;
948 3891 1012 3941 quos
1031 3882 1057 3925 et
1071 3886 1202 3928 consentes

138 3962 174 4016 bil
186 3959 350 4029 frequentius
359 3956 427 4026 apud
439 3957 550 4026 optimos
562 3966 647 4010 aucto
695 3951 858 4023 adpellabant
875 3992 883 4019 ,
906 3952 950 4021 qui
971 3972 985 4005 a
1003 3952 1110 4006 consilio
1127 3952 1201 4006 Joris

138 4061 189 4095 res·
198 4041 329 4093 H.-Hec
336 4041 384 4092 ott
392 4039 482 4091 nstad'.
489 4035 646 4104 Priusquam
694 4043 785 4096 erant;
800 4033 835 4086 ita
845 4030 923 4098 dicti,
939 4031 1009 4101 quod
1022 4033 1202 4088 consentirent

138 4120 208 4175 Naso
216 4115 289 4172 Deos
298 4114 444 4170 invocando
452 4112 501 4169 sibi
511 4111 646 4180 conciliet,
693 4110 723 4164 iu
739 4128 789 4180 eo,
807 4109 878 4180 quod
893 4109 1041 4181 gerendum
1055 4119 1130 4168 esset.
1142 4107 1200 4161 Ju-
