2768 4694
155 372 222 454 '2¹4
480 375 519 440 r.
553 371 733 443 ovrorr
761 377 890 443 vrrs

155 529 194 585 ut
210 512 279 586 heo
296 512 393 586 etin
410 506 595 614 nequiverit
614 532 689 588 unte
707 541 844 590 vernum
869 515 971 614 hujus
992 517 1073 590 anni
1093 526 1225 622 tempos

155 653 287 711 moue,
306 653 374 726 quo
392 625 450 698 801
471 653 509 699 ox
525 628 737 728 antiquorum
760 627 893 705 calculis
910 657 1034 705 novum
1051 634 1130 708 anni
1154 661 1224 710 cur·

158 768 232 814 som
254 740 524 838 redintegrabit,
549 771 653 844 qoom
668 745 731 842 jem
750 744 884 818 Pticr'um
908 745 1066 822 subiisset
1082 748 1221 847 signum.

156 855 310 945 Etenim,
328 875 366 932 01
379 860 502 932 Noster
517 857 636 947 habet,
654 860 743 932 Fosi.
761 857 821 932 lib.
841 862 870 946 l,
888 887 970 934 vers.
991 860 1062 962 39:
1100 851 1103 856 ⁴

326 1004 422 1061 Martis
432 1015 489 1060 erat
500 1004 600 1076 primus
611 1004 722 1073 mensis,
734 1004 898 1075 Venerisque
911 1007 1051 1062 secundus.

561 1143 824 1166 mm

351 1315 433 1368 Auno
446 1313 479 1368 C.
491 1331 548 1378 ¹113
561 1315 597 1370 U.
609 1314 643 1369 C.
659 1330 782 1381 toccum
800 1315 892 1373 Ovidii
904 1333 950 1372 uv
959 1329 987 1371 et
999 1333 1041 1373 tv.

193 1455 425 1512 GERMANICO
444 1455 620 1523 CAESARE,
637 1455 671 1510 G.
689 1457 859 1514 FONTEIO
878 1454 1074 1516 cortrone
1092 1460 1196 1520 6088.

211 1601 237 1671 l.
257 1599 423 1694 QUINTUS
439 1599 601 1672 'l'ristium
624 1598 710 1673 liber
732 1600 934 1701 superiorem
960 1604 1111 1704 proxime
1134 1634 1229 1681 secu·

163 1732 217 1789 tus
237 1723 245 1752 ¹
266 1712 343 1786 huic
365 1741 452 1787 anno
469 1713 558 1787 venit
574 1712 821 1818 adscribendos.
851 1716 967 1812 Elegia
985 1736 1072 1793 certe
1087 1737 1129 1794 111
1147 1749 1230 1795 coo-

165 1832 295 1904 0100010
310 1830 375 1903 1011
391 1829 444 1903 die
461 1829 591 1906 Boccho
608 1859 720 1906 sacro:

329 1978 375 2031 1110
386 1982 441 2033 dr'es
453 1982 509 2033 daec
519 1989 573 2045 est,
587 1998 639 2048 qua
650 1990 676 2035 te
687 1979 819 2034 celebrare
832 1990 931 2050 poeta,

362 2071 472 2123 simodo
483 2070 637 2137 norsalluut
652 2081 780 2140 tempora,
801 2073 920 2135 Bacche,
941 2073 1041 2140 soient,
1060 2084 1117 2145 etc.¹

163 2190 211 2262 Ea
233 2204 343 2261 autem
359 2204 431 2260 erat
451 2187 538 2259 temo
550 2203 625 2286 post
639 2186 722 2261 Idus
745 2186 900 2273 Martios,
930 2216 988 2263 seo
1015 2207 1091 2263 xvll
1108 2182 1229 2264 mensis

163 2306 296 2394 Martii,
313 2335 353 2381 ex
366 2308 455 2379 Fast.
472 2303 533 2378 lib.
552 2306 624 2392 111,
642 2330 726 2377 vers.
748 2303 816 2405 713
834 2322 867 2379 et
885 2308 978 2406 714:

328 2452 421 2509 Tertia
433 2462 491 2520 post
504 2451 566 2506 Idus
576 2451 620 2504 iux
630 2461 669 2504 est
680 2447 848 2505 redeberrima
859 2455 975 2507 Baccho.

362 2549 478 2609 Bacche,
489 2545 548 2631 11πο
558 2542 626 2608 voti,
639 2541 704 2595 dum
715 2554 760 2596 tua
765 2543 840 2610 festa
847 2563 921 2598 cauo.

213 2669 367 2763 Elegiam'
376 2694 453 2740 vero
467 2685 491 2738 x
505 2662 660 2761 scriptam
673 2661 758 2734 terti)
772 2661 877 2737 exsilii
892 2690 978 2736 anno
991 2659 1093 2737 fuisse
1111 2664 1230 2739 diserte

168 2806 283 2862 auctor
297 2785 411 2869 docet,
429 2783 477 2855 sic
494 2807 655 2853 exorsos:

331 2932 370 2986 Ut
381 2949 471 2984 sumus
481 2926 508 2980 in
518 2928 614 2990 Porto,
626 2937 665 2981 ter
673 2927 768 2997 [rigore
780 2926 895 2980 constitit
906 2929 970 2980 Ister
980 2943 990 2991 ς

364 3022 443 3075 racto
454 3028 493 3073 est
503 3019 602 3072 Betim
612 3016 678 3071 doro
688 3028 725 3071 ter
733 3017 805 3072 uodo
815 3018 910 3083 meris,
923 3027 972 3071 ete.

168 3172 240 3246 quo
255 3143 407 3244 hyemem
425 3135 527 3235 hujus
543 3134 687 3210 ineuntis
705 3135 782 3209 anni
800 3134 985 3231 designant.
1003 3133 1125 3210 Eadem
1142 3152 1228 3209 tem·

168 3276 292 3364 pestate
308 3273 437 3333 exarato
453 3271 504 3328 est
521 3251 636 3348 Elegio
651 3271 733 3339 xm,
753 3251 813 3324 ubi
839 3279 978 3352 querens
1006 3280 1040 3326 se
1065 3267 1175 3326 mente
1196 3268 1228 3326 et

167 3404 304 3477 corpore
322 3399 444 3469 regrum
461 3397 546 3458 esse,
564 3368 673 3454 addit,
687 3394 769 3441 vers.
791 3366 812 3439 5
830 3386 865 3442 et
880 3366 925 3439 6:

330 3523 435 3588 Perque
450 3517 504 3570 dies
515 3517 612 3571 multos
623 3515 710 3569 lateris
721 3514 876 3568 cruciatibus
887 3533 964 3581 uror,
1006 3537 1007 3541 ¹

363 3609 417 3665 Sed
430 3608 500 3679 qood
512 3627 567 3661 non
579 3605 683 3661 modico
694 3605 789 3674 frigore
802 3604 866 3660 lesit
875 3607 969 3676 hyms.

215 3734 260 3806 11.
281 3733 396 3828 Quum
419 3731 543 3801 Noster
564 3724 709 3810 amicos,
732 3723 856 3824 quibus
871 3721 1043 3825 plerasque
1066 3723 1229 3797 librorum

166 3847 299 3923 oomioe
313 3843 475 3919 Tristium
493 3840 623 3936 Elegiae
639 3840 751 3926 misit,
771 3869 839 3915 oon
858 3868 958 3915 ausus
974 3858 1059 3916 esset
1076 3844 1164 3916 veris
1180 3842 1229 3915 io·

198 4047 206 4076 ¹
225 4043 297 4112 Eleg.
318 4059 329 4093 1
347 4039 430 4093 init«
443 4040 532 4101 Hunc,
552 4054 656 4107 quoque
674 4035 708 4089 de
727 4035 839 4107 Getico,
859 4041 944 4094 nostri
965 4037 1095 4104 studiose,
1116 4041 1227 4092 libellum

166 4125 253 4177 Litore
260 4163 268 4191 ,
275 4125 413 4190 prem'ssr's
423 4128 530 4191 quatuor
539 4117 605 4173 adde
615 4121 685 4173 ueri.
700 4137 714 4166 ι
