2768 4694
393 325 462 392 nr.
484 325 524 389 Ρ.
551 320 747 391 0v1o10
769 319 991 388 nssous.
1159 319 1226 414 40,

159 466 315 545 explanate·
338 463 537 540 Pon‘eis's,‚ex
553 460 672 541 officina
699 464 888 524 Ascensionu.
910 461 1031 521 Mum.
1055 460 1088 521 in
1100 461 1172 537 ·l⁰·
1187 496 1228 511 -

161 569 283 639 Panser,
299 576 371 627 ton.
382 563 462 639 vll,
477 585 541 647 pag.
556 560 625 645 537.

204 671 328 734 Oridius
343 668 474 732 del'aslis
484 690 535 748 per
550 670 684 730 Faustum
695 668 862 751 recognitus
878 678 1093 747 mnotatusque·
1108 668 1144 726 ln
1153 665 1227 728 fine:

164 801 178 828 ιι
199 775 233 834 Ρ.
260 771 358 835 Ovidii
383 770 507 833 Nasonis
523 795 532 831 ε
547 768 613 830 libri
635 769 706 829 sexti
728 781 758 829 et
773 768 865 830 ultimi
885 768 959 829 linis.
983 765 1133 828 Parthisiis
1151 765 1172 840 ‚⁸
1185 768 1229 826 Μ.
1272 755 1274 760 Β

161 872 293 934 CCCCC.
307 873 364 931 lx.
379 871 519 950 impensis
533 869 674 931 Johannis
685 869 771 931 Petit.
786 869 898 930 Venalis
916 868 1019 929 est'hic
1034 865 1105 927 liber
1119 866 1151 926 in
1166 866 1231 927 vico

163 972 257 1035 Sancti
268 971 392 1045 Jacobi,
411 983 466 1032 etr.
482 998 497 1024 »
509 970 604 1045 in-l⁰·
617 1003 658 1016 -
668 967 781 1029 Prodiit
795 969 858 1031 haec
870 968 914 1030 ed.
931 988 964 1027 ex
982 965 1105 1039 officina,
1116 965 1228 1029 Nicolai

160 1072 313 1134 Pratensis.
330 1071 459 1146 Panser,
476 1080 548 1130 tom·
563 1069 609 1141 X,
626 1089 689 1150 pag.
706 1065 735 1142 l.

657 1208 743 1271 1510.

203 1343 334 1421 Epistole
356 1341 501 1405 Heroides
525 1341 657 1424 diligenti
679 1341 862 1427 castigatione
889 1340 1000 1401 exculte
1021 1337 1242 1419 aptissimisque

157 1439 262 1523 liguris
277 1452 394 1501 orante:
412 1438 671 1506 commutantibus
684 1440 754 1500 Ant
769 1441 878 1502 Volsco
892 1451 922 1500 et
930 1437 1074 1498 Ubertinn
1083 1436 1228 1498 Crescen-

160 1543 271 1615 tinate,
287 1540 317 1600 in
332 1541 396 1601 lbin
410 1560 479 1605 vero
492 1540 623 1603 Domitio
635 1540 788 1604 Calderino
799 1554 829 1602 et
840 1539 1020 1602 Christosero
1038 1541 1159 1612 Zaroto,
1168 1548 1228 1598 etc.

163 1643 199 1701 ln
213 1640 293 1701 fine:
316 1665 332 1694 α
350 1643 519 1718 Impressum
541 1640 671 1702 venetiis
690 1662 741 1719 per
766 1644 908 1701 loannem
928 1638 1087 1701 Taeninum
1105 1636 1139 1696 de
1156 1637 1228 1697 Tri-

154 1738 242 1804 ὥσ.
259 1739 352 1802 Anno
362 1736 482 1803 mutat
494 1739 541 1802 Μ.
552 1738 594 1800 D.
609 1741 649 1799 X.
667 1740 713 1800 die
729 1755 795 1801 m
808 1738 889 1800 Julii·
900 1753 923 1794 'a
939 1737 1035 1803 indol-
1046 1772 1089 1788 -
1101 1740 1226 1812 Panaer,

161 1849 232 1904 Ἢ·
251 1840 352 1916 Viuo
366 1859 432 1923 9⁸8·
447 1836 515 1914 lm·

201 1948 248 2008 De
259 1945 465 2009 Artedmndi
474 1957 505 2008 et
513 1943 655 2008 Remedio
668 1943 796 2018 Amoris,
810 1965 875 2005 cnm
885 1944 1118 2032 interpretatione
1128 1945 1227 2006 Barth.

162 2045 289 2110 nemu.
302 2074 318 2102 r
332 2049 507 2126 impressum
518 2043 674 2108 Mediolani
686 2066 737 2124 per
744 2045 927 2106 Leonsrdum
938 2043 1079 2128 Vegium,
1094 2046 1197 2106 Mox.
1208 2073 1224 2100 s

160 2144 254 2206 iniol.
269 2181 310 2194 -
320 2148 448 2221 Paneer,
463 2159 535 2209 tom.
547 2146 633 2222 vll,
650 2167 713 2229 pag.
731 2141 800 2229 389.

202 2253 467 2334 Metamorphoseos
475 2251 549 2311 libri.
559 2279 574 2306 «
587 2252 723 2335 Lugduni
735 2272 805 2330 ,per
811 2250 963 2312 'Claudium
977 2251 1092 2312 Dnenst.
1106 2252 1226 2324 Mox,
1313 2308 1317 2318 ,

160 2365 203 2408 xv
222 2351 281 2411 cal.
297 2349 375 2410 Maii·
391 2376 407 2402 n
419 2346 515 2417 in-te.
531 2381 571 2393 -
585 2350 702 2421 Panaer,
715 2361 785 2410 tom·
802 2349 888 2422 Vll,
906 2369 969 2430 pag.
982 2345 1051 2430 294.

203 2455 329 2530 deripe,
346 2454 473 2513 studiose
491 2453 598 2529 lector,
615 2456 650 2514 P.
669 2456 768 2519 Ovidii
783 2455 1039 2533 Metamorphoseis
1056 2476 1120 2516 cum
1136 2454 1224 2514 luru-

159 2551 324 2613 lentissirnis
339 2553 432 2630 Raph.
452 2549 538 2634 Regii
559 2553 805 2615 enarrationibus:
824 2552 927 2637 quibus
953 2553 1072 2632 plurima
1088 2552 1227 2634 adscripta

160 2664 229 2714 sunt
246 2675 253 2709 τ
272 2674 336 2733 quae
351 2653 382 2713 in
396 2650 596 2730 exemplaribus
610 2665 690 2714 antee
705 2655 847 2732 impressis
864 2676 926 2715 nnn
940 2653 1132 2715 inveniuntur.
1148 2653 1224 2728 Quse

160 2754 336 2837 sintrogasi'
352 2757 431 2815 luter
445 2753 597 2836 legendnm
607 2753 688 2816 facile
701 2755 755 2815 tibi
767 2767 927 2818 occurrent.
944 2757 980 2815 ln
992 2755 1066 2814 fine:
1083 2780 1098 2809 α
1113 2755 1144 2816 Si
1156 2753 1224 2836 qnid

159 2852 236 2913 forte
257 2852 401 2913 literamm
422 2853 646 2931 transpositione
730 2853 904 2930 offenderis,
920 2853 1048 2914 studiose
1068 2851 1177 2927 lector,
1193 2853 1224 2914 id

161 2951 339 3012 librariorum
349 2952 457 3013 inrueie
468 2951 606 3013 adscribas
619 2966 703 3036 rogat
713 2952 858 3036 Georgius
869 2953 903 3012 de
916 2951 1100 3013 Rusconibns
1114 2953 1226 3015 Medio·

160 3051 299 3125 lanensis,
316 3054 398 3134 eujus
414 3051 551 3113 industria
565 3051 688 3129 Raphael
703 3052 811 3136 Regius
826 3050 857 3110 in
867 3053 925 3113 hoe
936 3073 1022 3130 opere
1038 3051 1223 3114 describendo

161 3171 227 3210 usus
240 3160 293 3210 est·
312 3147 486 3225 Mediolani,
504 3149 646 3227 impressit
660 3149 793 3230 magister
811 3149 976 3210 Leouardns
995 3149 1123 3216 Partes,
1147 3173 1223 3212 anno

161 3246 280 3309 Domini
290 3250 334 3311 Μ.
352 3249 391 3308 D.
407 3250 448 3307 Χ.
463 3248 509 3309 die
527 3265 553 3309 ιι
564 3245 745 3310 Novembris
763 3273 779 3301 a
791 3247 896 3309 in-iol.
913 3271 977 3311 cum
993 3250 1222 3332 lig-Panner,
1250 3281 1251 3284 ¹

162 3356 233 3404 tom·
246 3348 328 3422 vll,
343 3369 405 3432 pag.
421 3344 490 3411 388.

198 3452 467 3536 Metamorphoseon
477 3455 543 3518 libri
550 3455 986 3538 moralizati,cumpnlrherrimis
994 3455 1148 3518 fabularum
1154 3478 1225 3534 prae·

162 3548 307 3628 cipulrum
321 3550 436 3634 liguris,
455 3568 510 3617 etc.
527 3576 580 3616 nec
600 3577 661 3616 nnn
677 3567 707 3616 et
724 3554 904 3638 tropologica
919 3553 1074 3618 hbuhrurn
1093 3554 1224 3616 novella-

163 3672 227 3709 rum
234 3651 413 3713 enarratione
424 3675 473 3731 per
487 3657 526 3716 lt.
539 3655 573 3719 P.
585 3657 627 3717 Μ.
644 3656 761 3717 Petrum
770 3654 921 3737 lavinium
937 3656 1056 3739 adjecta.
1079 3654 1223 3732 lugduni,

161 3748 239 3828 nprsd
250 3749 423 3830 Stephanum
435 3751 597 3834 Gueyrrard.
612 3755 657 3814 Μ.
675 3753 719 3814 D.
734 3755 773 3816 Χ,
785 3787 826 3807 -ν
837 3755 954 3830 Panaer,
967 3767 990 3814 t.
1005 3753 1079 3826 VII,
1092 3774 1121 3829 p.
1135 3749 1205 3838 293.

201 3855 351 3915 Fastorum
360 3853 425 3913 libri
435 3855 564 3939 dhgeuu
570 3857 768 3920 emendatione
782 3859 855 3943 typis
867 3861 1006 3937 impressi,
1019 3857 1226 3940 aptissimisque

159 3953 256 4037 figuris
270 3955 363 4016 ornati
376 3998 386 4029 ,
405 3954 671 4026 commentatoribus
684 3960 756 4021 Ant
767 3961 962 4024 Constantino
980 3960 1101 4022 Fanensi
1114 4004 1123 4034 ,
1134 3961 1226 4023 Paulo
1330 4040 1333 4044 Ι

160 4057 255 4119 Marso
273 4057 438 4133 Piscinate,
456 4058 710 4144 viris-eluistimis,
728 4061 830 4126 additis
841 4063 1007 4147 quibusdam
1017 4062 1143 4129 versibus
1155 4106 1165 4137 ,
1177 4063 1227 4146 qui
