2768 4694
453 123 522 225 sn
545 120 920 190 nassamones.
1152 129 1218 223 319

152 294 237 343 nere
259 264 368 375 dicit?¹
378 262 495 337 Liceat
514 261 616 348 mibi,
640 261 681 335 ad
702 262 912 338 minuendam
935 267 1151 366 quorumdam
1177 270 1219 344 de

154 394 291 464 Nasone
306 385 496 489 opinionem
514 383 701 474 sinistram,
717 385 881 460 Joacbimi
893 388 999 489 ipsius
1015 390 1131 482 verba,
1146 420 1217 494 qne

154 541 226 587 non
247 508 341 586 facile
362 507 470 610 quiris
496 506 632 583 meliora
653 508 785 596 lecerit,
808 508 874 584 buc
900 509 1093 587 adscribere.
1126 513 1217 610 Quid

155 634 260 732 igitur
270 633 312 708 de
324 633 456 707 Nasone
466 629 546 706 ille?
560 664 579 697 «
591 629 739 704 Primum
751 631 893 726 ingenii,
906 632 1033 733 inquit,
1049 652 1138 709 tanta
1152 638 1215 725 vis,

158 791 178 822 »
194 781 231 832 ac
249 777 317 833 tam
334 754 436 852 agiles
457 771 590 854 tamque
608 750 728 826 celeres
754 770 886 841 motus,
904 771 971 829 tam
994 773 1149 857 prompta
1171 756 1219 831 sa·

158 915 176 947 s
198 880 327 968 cultas,
342 895 435 953 tanta
450 877 585 952 bonitas
596 876 631 948 in
647 876 708 949 hac
720 893 968 977 partenaturae,
987 896 1025 951 ut
1040 878 1074 951 in
1087 878 1175 954 facili
1186 900 1219 956 et

159 998 410 1103 »extemporali
433 1026 550 1096 genere
566 996 710 1097 quodam
733 996 818 1072 nihil
840 998 1003 1101 reperias,
1022 1029 1090 1074 non
1114 1001 1217 1077 solum

162 1160 181 1191 »
203 1124 297 1225 quod
319 1123 451 1225 seriptis
472 1121 560 1196 illins
581 1115 755 1209 anteferre,
783 1122 840 1196 sed
856 1148 898 1195 ne
919 1118 1069 1197 conferre
1087 1125 1217 1224 quidem

160 1282 182 1314 n
202 1248 313 1350 possis
336 1276 344 1319 :
361 1244 445 1320 nibil
468 1247 503 1319 in
520 1244 587 1318 illis
609 1244 804 1333 sollicitum,
823 1244 906 1319 nibil
925 1247 1116 1348 quaesitum,
1134 1248 1216 1322 nihil

160 1405 180 1436 a
190 1371 343 1447 armum.
359 1370 538 1445 Sententiis
553 1370 652 1444 rerba
666 1389 845 1466 urgentur,
863 1370 960 1444 verba
978 1371 1155 1447 sententias
1168 1375 1218 1446 iu-

159 1527 179 1561 »
198 1495 313 1567 citant·
326 1492 426 1569 Nulla
437 1493 551 1595 copia,
570 1492 699 1568 nullum
711 1512 957 1582 ornamentum,
973 1492 1062 1567 nulla
1078 1496 1218 1591 insignia

159 1638 184 1682 κ·
199 1632 279 1690 sunt
296 1616 477 1707 orationis,
498 1638 572 1717 quae
592 1644 660 1688 non
679 1616 871 1711 investigata
888 1614 1037 1715 quidem,
1063 1633 1120 1692 aut
1137 1645 1217 1691 con-

160 1768 180 1802 »
201 1739 321 1838 quisita
335 1738 460 1814 suerint
474 1739 517 1814 ab
532 1741 597 1811 hoc
612 1754 732 1839 poeto,
751 1736 809 1811 sed
823 1764 895 1838 que
907 1764 976 1812 non
993 1736 1041 1811 illi
1057 1736 1146 1815 ultro
1162 1768 1217 1815 oc-

159 1892 179 1926 »
198 1863 359 1937 currerint
381 1880 417 1938 et-
430 1862 668 1963 suppetieriut3
687 1874 727 1933 ut
740 1859 807 1958 jum
829 1859 1015 1963 aliquibus,
1040 1860 1218 1938 fastidiosis

160 2014 188 2047 n·
197 1980 323 2057 scilicet
337 2044 344 2072 ,
358 1982 534 2075 offensioni
546 1983 650 2080 magis
661 2004 762 2085 quatu
776 1981 985 2058 delectationi
1001 1984 1069 2059 haec
1082 2010 1151 2060 esse
1165 2014 1219 2061 so·

160 2138 180 2170 n
199 2104 304 2192 leont,
323 2120 357 2178 et
366 2094 480 2178 dolori
492 2105 629 2193 insidis,
641 2126 681 2180 ex
696 2126 766 2208 quo
779 2104 975 2181 obtrectatio
988 2105 1110 2181 alienas
1127 2107 1217 2207 quasi

161 2258 181 2290 n
200 2226 329 2300 divitias
346 2225 734 2300 trucemtrucem...
752 2260 769 2291 n

275 2678 497 2755 ANTONII
525 2676 829 2754 coustituit
855 2680 1106 2754 Faususts

182 2891 226 2954 ἸΝ
247 2897 276 2954 Ρ.
300 2894 446 2953 ovtntt
470 2893 659 2952 NASONIS
682 2892 841 2950 fastos
867 2892 1190 2953 ARGUMENTUM.

206 3104 458 3185 Luctantem
481 3124 567 3199 opus
593 3096 763 3185 Nasonis,
792 3094 882 3196 quod
911 3092 1138 3196 explicandum
1160 3099 1218 3173 ad·

162 3224 376 3323 sumpsimus,
403 3223 577 3295 Fastorum
604 3216 737 3292 titulum
754 3246 791 3292 ac
808 3246 927 3293 nomen
944 3218 1092 3322 adcepit,
1116 3249 1183 3294 non
1197 3248 1215 3292 a

160 3345 267 3417 Fastis
279 3344 416 3433 diebus,
431 3343 466 3417 id
483 3361 549 3429 est,
563 3340 676 3429 festis,
692 3358 732 3414 nt
744 3339 840 3414 multi
853 3343 958 3417 atatis
970 3360 1091 3418 nostra
1105 3341 1215 3415 bomi-

162 3492 241 3552 nes,
256 3482 289 3537 et
305 3462 436 3565 quidem
448 3464 675 3550 eruditissimi,
691 3461 777 3538 falso
791 3461 1013 3552 arbitrantur,
1029 3490 1114 3563 quos
1128 3464 1217 3537 Festi

159 3585 311 3686 Pompeii
327 3584 461 3658 traditio
473 3614 543 3660 non
560 3583 728 3659 intellecta
742 3583 871 3689 decepit
886 3586 965 3659 :sed
980 3583 1135 3670 arastis,
1152 3584 1215 3659 ltoc

161 3725 233 3795 est,
250 3706 347 3781 ldsris
365 3705 557 3795 annalibus,
572 3709 662 3782 unde
684 3732 834 3801 magnam
851 3727 976 3810 partem
992 3705 1092 3807 bajus
1109 3708 1218 3809 operis

161 3844 347 3929 excerptam
363 3854 450 3911 esse,
465 3844 578 3903 auctor
591 3829 757 3913 ostendit;
777 3846 836 3915 nt,
853 3829 951 3905 Sacra
962 3854 1217 3927 recognosceres·
