2768 4694
407 380 409 384 ‘
490 367 587 439 PER
610 373 643 438 J.
670 370 895 441 MASSON.
1156 379 1221 443 205

154 514 326 590 dicrimine
344 522 352 553 ¹
371 528 601 613 separarentur,
627 528 666 585 ut
681 510 783 586 habet
799 513 915 588 Cicero
930 523 942 552 ²
958 541 966 587 ε
980 512 1074 602 idco,
1093 531 1131 589 ut
1147 515 1225 591 bre-

156 632 228 705 vior
243 628 257 670 ³
271 648 305 704 et
320 628 506 732 expeditior
521 626 615 702 lieret
627 627 662 700 in
673 628 786 702 Asiam
803 630 991 724 navigatio,
1005 657 1103 704 naves
1117 629 1225 706 sinum

155 749 312 850 petebant
322 743 562 831 Corinthiacum,
576 744 611 817 in
623 773 691 845 quo
703 744 838 818 lethea
853 763 922 819 erat
933 764 1069 847 portus,
1081 746 1227 849 hincque

155 864 331 969 aliquando
341 864 502 968 plaustris
518 862 815 938 transvehebantur
823 892 884 965 per
895 864 1015 938 Isthmi
1031 861 1227 964 ‘angustias

154 985 187 1058 in
203 983 314 1059 sinum
331 981 530 1068 Samnt'cntn,
549 980 585 1053 in
605 1010 672 1081 quo
693 977 860 1054 Cenchreae
874 997 1003 1082 portus.
1028 982 1103 1055 Hoc
1119 981 1170 1058 vel
1189 1012 1228 1059 ex

156 1097 259 1172 Plinio
272 1096 398 1170 discere
416 1093 514 1184 licet,
532 1093 589 1196 qui
602 1092 660 1166 lib.
675 1095 736 1182 lt,
751 1121 823 1195 cap.
840 1093 885 1186 h:
905 1127 923 1160 «
936 1095 1225 1184 Communem,

157 1248 176 1282 »
196 1215 264 1301 ait,
280 1211 383 1302 hinc,
401 1210 492 1286 illinc
507 1210 713 1286 smamaus
738 1210 923 1314 adpellatur
945 1213 1038 1287 sinus
1060 1243 1069 1287 ε
1093 1217 1228 1291 Lecheae

161 1365 179 1398 »
197 1331 298 1418 hinc,
323 1329 497 1404 Cenchreae
514 1326 624 1417 illinc,
646 1329 873 1424 angustiarum
895 1331 1048 1420 termini3
1074 1331 1229 1430 languet

164 1480 182 1512 »
203 1444 339 1547 ancipiti
352 1443 479 1519 narium
490 1444 635 1532 ambitu,
647 1472 730 1544 quas
742 1443 1108 1548 magnitudoplaustris
1122 1466 1230 1526 trans·

165 1596 183 1628 n
202 1562 276 1635 vehi
300 1560 467 1663 prohibet.
490 1593 508 1626 »
532 1560 601 1633 Nec
624 1558 719 1634 aliter
742 1559 883 1648 Strabo,
911 1559 969 1635 lib.
996 1565 1103 1637 Vltl:
1130 1599 1147 1631 α
1174 1568 1228 1640 td

162 1712 179 1744 n
199 1677 448 1767 Schoenuntem,
460 1676 592 1766 scribit,
604 1693 739 1779 portum
751 1677 984 1773 angustissima
995 1679 1113 1755 lsthmi
1128 1682 1226 1759 tellus

161 1825 179 1856 »
198 1811 267 1879 est,
286 1821 351 1894 qua
366 1791 496 1889 navigia
516 1808 800 1879 transvectantur,
819 1808 880 1865 etc.
900 1824 918 1856 »ι

204 1917 329 1990 Verum
355 1934 388 1991 et
411 1943 497 2019 saepe
513 1942 612 1989 naves
635 1941 697 2015 per
713 1912 877 1988 Isthmum
895 1941 964 1986 non
990 1915 1229 2019 trahebantur,

160 2033 214 2108 sed
232 2034 265 2108 in
284 2053 385 2137 portu
402 2033 526 2109 lethea
542 2033 695 2120 stabant,
716 2031 790 2105 dein
807 2030 877 2105 aliae
898 2030 1061 2109 Cenchreis
1078 2065 1228 2114 assume-

159 2154 298 2242 bantur,
319 2154 370 2228 uti
397 2152 448 2228 vel
472 2155 610 2228 Nasonis
633 2147 821 2250 exemplum
847 2149 976 2224 evincit.
1008 2151 1111 2248 Quod
1129 2156 1226 2232 ctiam

160 2271 251 2347 Phila
264 2272 456 2358 confirmat,
479 2269 590 2343 Flacci
604 2268 756 2343 Andrum
771 2264 911 2341 insulam
926 2268 1032 2344 exsilii
1046 2269 1155 2347 locum
1169 2304 1229 2374 pe-

159 2389 256 2464 tentis
275 2391 339 2464 iter
357 2386 568 2461 describens:
591 2421 608 2450 «
626 2386 800 2485 Trajecto,
820 2383 950 2484 inquit,
967 2386 1066 2460 Ionio
1090 2388 1165 2461 sinu
1182 2388 1228 2461 le-

160 2536 177 2569 »
201 2504 301 2600 gebat
317 2531 409 2578 oram
427 2528 533 2602 usque
549 2500 780 2576 Corinthum...
808 2496 862 2571 lbi
885 2501 1081 2574 transmisso
1097 2502 1225 2577 Isthmo

163 2649 181 2682 u
201 2645 221 2690 a
236 2619 365 2692 Lecheo
385 2615 572 2690 Cenchreas
586 2614 698 2690 navale
717 2613 969 2692 Corinthiorum
1030 2642 1227 2718 ascensaque

164 2764 183 2797 »
201 2761 304 2835 parva
322 2734 467 2808 oneraria
485 2729 612 2806 solvere
628 2750 778 2822 coactus,
797 2749 859 2807 etc.
880 2765 897 2795 »

208 2860 253 2934 ll.
274 2858 329 2932 Ad
347 2856 460 2934 Ovidii
478 2854 717 2952 navigationem
731 2875 770 2933 ut
786 2857 981 2943 redeamus,
1001 2854 1030 2928 is
1048 2873 1226 2958 postquam

163 2976 326 3054 Cenchreis
350 2975 451 3052 altera
475 3004 549 3050 cnm
575 2971 651 3046 navi
679 2971 834 3062 solverat,
859 3000 920 3075 per
943 2971 1102 3074 Ah'gannt
1138 3005 1225 3052 marc

161 3117 271 3173 vectus
291 3114 359 3182 est;
379 3113 493 3197 atque,
512 3093 570 3167 ubi
584 3091 1068 3193 primuminflellespuntiacas
1085 3094 1226 3170 venisset

162 3241 276 3315 aquas,
285 3210 377 3286 flexit
389 3209 424 3283 in
437 3208 554 3283 laevum
567 3233 705 3292 cursus,
720 3221 755 3279 et
764 3204 905 3281 insulam
917 3207 1066 3281 Irnhn'arn
1079 3207 1225 3310 adpulit;

162 3411 207 3481 ait,
220 3417 301 3465 nana
311 3410 355 3464 illa
368 3410 445 3480 longe
458 3428 473 3463 a
484 3427 511 3462 ne
523 3406 636 3461 invicem
649 3404 738 3460 dissita
748 3422 820 3474 ene,
840 3403 945 3474 quaudo
961 3405 1011 3460 iter
1023 3405 1054 3460 ab
1071 3426 1126 3462 uno
1138 3405 1169 3460 ad
1189 3404 1229 3458 al·

164 3502 247 3548 terum
260 3495 365 3565 nauigio
375 3493 414 3548 fit.

196 3587 204 3617 ¹
225 3585 352 3655 Quinque
372 3585 468 3640 scilicet
486 3583 598 3638 millium
616 3579 717 3652 spatio,
739 3579 778 3634 uti
795 3579 893 3635 docent
911 3581 998 3649 Mela,
1011 3582 1054 3636 lib.
1074 3581 1115 3646 11,
1127 3596 1181 3647 cap.
1193 3577 1228 3641 33

166 3667 280 3735 Plinius,
292 3669 334 3722 lib.
345 3668 396 3735 lv,
408 3689 462 3740 cap.
475 3670 499 3736 l.

197 3761 209 3791 ²
225 3756 300 3812 Orat.
312 3758 339 3811 11
350 3758 377 3810 in
388 3758 505 3813 Rullum.

199 3847 211 3883 ³
227 3848 289 3901 Vid.
301 3847 422 3902 Philostr.
433 3849 548 3920 Sophist.
558 3849 600 3904 lib.
611 3849 638 3903 ll
650 3888 657 3917 ‚
671 3867 729 3919 pag.
742 3851 788 3903 551
799 3887 807 3916 ,
820 3848 861 3903 ed.
875 3849 943 3920 Lips.

200 3941 211 3978 ⁴
230 3940 287 4010 Qui
298 3938 369 3994 lacus
379 3939 484 3995 Brotean
495 3940 588 3996 exinde
600 3942 755 4002 vocabatur,
770 3941 841 4010 quod
853 3959 932 3995 naues
943 3958 990 4010 per
1002 3953 1066 3991 eum
1083 3953 1114 3988 ex
1130 3951 1186 3986 uno
1205 3933 1233 3990 iu

165 4024 276 4078 alterum
289 4041 362 4076 mm
375 4020 557 4088 traherentur,
569 4033 678 4078 notante
687 4021 719 4077 cl.
732 4023 867 4079 Invenio
880 4023 913 4076 ad
925 4019 1004 4075 Melae
1017 4015 1060 4069 lib·
1078 4016 1120 4083 tl,
1136 4033 1192 4086 cap.
1208 4016 1232 4069 3.

165 4108 205 4165 De
216 4111 309 4163 De‘olco
321 4106 381 4161 vide
395 4107 565 4178 Hesychium.
