2768 4694
630 355 753 423 lBlS.

156 495 323 592 Sanguine
340 492 463 594 prohra
480 491 570 579 luas,
590 511 628 566 ut
645 523 706 567 avo
726 496 873 590 genitore
891 514 1038 582 creatus,

204 612 270 685 Per
285 611 411 684 lacinus
426 636 523 683 soror
538 626 588 682 est
606 610 659 681 cui
675 637 734 682 sua
750 610 835 682 saeta
851 638 978 710 parcns.

158 726 301 802 Ossibus
316 727 415 827 inque
435 725 501 798 tuis
520 723 576 797 teli
594 752 698 819 genus
711 725 832 798 haereat
849 723 952 812 illud,

205 845 362 918 Traditur
379 842 481 916 Icarii
491 870 559 941 quo
574 840 731 915 cecidisse
747 871 857 937 gener.

157 963 268 1062 thue
283 960 407 1060 loquax
423 958 458 1030 in
477 987 564 1058 cqno
581 976 633 1032 est
649 957 751 1030 elisus
766 975 883 1053 guttur
899 987 1039 1047 acerno,

205 1077 259 1150 Sic
278 1075 340 1148 tibi
358 1072 530 1146 claudatur
547 1071 666 1172 pollice
684 1073 775 1145 vocis
791 1073 864 1146 iter.

156 1193 228 1266 Aut
243 1208 283 1264 nt
300 1187 516 1263 Anaxarchus
531 1185 596 1287 pila
613 1188 769 1262 minuaris
784 1190 819 1261 in
839 1187 922 1276 alta,

206 1306 346 1402 lctaque
360 1329 423 1400 pro
439 1298 544 1374 solitis
558 1299 707 1396 frugibus
726 1330 800 1375 ossa
817 1320 945 1376 sonent.

162 1421 277 1519 thue
295 1435 420 1518 patrem
438 1415 641 1502 Psamathes,
661 1417 783 1490 condat
800 1436 831 1490 te
848 1419 996 1492 Phoehus
1013 1420 1047 1492 in
1062 1420 1127 1496 ima
1177 1444 1228 1515 575

209 1534 361 1617 Tartara3
379 1528 467 1630 quod
482 1547 566 1603 natae
582 1529 705 1605 fecerat
723 1530 778 1605 ille
791 1562 867 1607 suar.

163 1649 266 1747 lnquc
284 1663 360 1719 tuos
377 1672 413 1717 ca
431 1644 533 1744 pestis
550 1661 621 1730 eat,
641 1673 740 1744 quam
759 1645 871 1719 dextra
891 1648 1049 1722 Choroebi

184 1827 370 1896 &putamine
375 1828 468 1891 probra
474 1828 538 1876 luas.
546 1823 669 1895 Myrrha,
719 1827 808 1880 omnia
820 1827 889 1881 laute
898 1838 974 1897 atque
986 1827 1090 1883 adfatim
1104 1829 1226 1900 adparata

166 1906 278 1980 Cynarae
288 1905 356 1970 filia,
375 1924 406 1957 ex
424 1904 502 1973 patris
519 1920 672 1971 compressu
720 1924 792 1970 esse,
811 1917 985 1973 preterquam
1004 1907 1072 1974 quod
1089 1917 1167 1978 caput
1182 1929 1229 1962 sa-

164 1981 378 2038 l'ormosissimum
393 1980 495 2051 peperit
507 1979 635 2031 Adonim.
721 1983 1227 2054 trapa}(Nicocreontcminnuens)non

198 2065 255 2134 559.
266 2064 505 2128 Osss'bnst'srquetur's
545 2061 626 2111 Icarii
632 2077 673 2123 μ·
721 2058 815 2111 eodem
828 2059 942 2112 adlatum
956 2073 1030 2115 esset.
1049 2062 1127 2120 Hanc
1136 2085 1227 2120 vocem

168 2160 216 2193 ser.
226 2138 366 2191 luteremit
378 2136 503 2206 Ulyssem
512 2145 614 2203 patrem
622 2133 675 2198 Te·
722 2149 810 2206 postea
822 2138 1022 2194 Nicocreontem
1031 2182 1039 2208 ‚
1049 2154 1156 2197 mortuo
1164 2145 1229 2199 Ale.

167 2219 285 2287 legonus,
300 2224 406 2282 accepto
418 2233 431 2264 a
445 2212 525 2264 Circe
542 2222 625 2263 matre
638 2211 675 2279 ja·
722 2215 837 2280 andro,
848 2213 944 2283 ultum,
954 2229 1030 2286 atque
1044 2222 1227 2277 Anaxarchum

168 2297 248 2360 culo,
274 2295 315 2348 cui
342 2308 390 2360 pro
411 2287 518 2357 cuspide
540 2289 675 2356 pullum
722 2305 875 2363 tempestate
897 2297 1009 2364 quadam
1025 2298 1116 2371 Cypro
1132 2301 1228 2371 adpul-

166 2376 276 2429 anariuae
293 2372 370 2442 spina
389 2369 490 2438 prefixa
510 2378 587 2430 erait
610 2366 673 2419 dum
722 2392 781 2426 sum
793 2374 1037 2444 comprehendisse,
1050 2381 1227 2451 mortarioquc

168 2454 235 2508 sorte
250 2452 366 2508 Ithacam
382 2447 509 2514 venisset,
529 2457 630 2517 patrem
645 2457 676 2499 ut
723 2451 776 2503 sive
790 2451 841 2521 pila
856 2450 868 2520 (
881 2462 910 2504 ut
927 2453 969 2507 hic
985 2455 1099 2524 dicitur)
1115 2459 1228 2527 imposi-

170 2531 276 2597 viseret,
287 2530 418 2600 hujusque
426 2535 547 2579 armenta
553 2522 675 2593 abigeret,
724 2537 798 2594 tum,
816 2527 914 2597 pistillis
930 2530 1021 2583 terreis
1032 2534 1160 2586 contundi
1172 2537 1229 2601 jus-

174 2612 277 2680 ipnarus
288 2610 367 2679 patris
378 2625 409 2658 ea
419 2607 557 2659 esse.th
570 2605 659 2655 Attus.
723 2606 801 2660 sisse:
814 2606 996 2659 exsertaetiam
1005 2609 1109 2678 lingua,
1120 2630 1153 2663 ne
1165 2631 1230 2664 con-

202 2694 260 2757 ⁵7¹·
275 2688 355 2755 tstque
371 2689 470 2752 leym.
487 2683 571 2736 lluuc.
589 2681 676 2735 locum
725 2683 812 2748 viciis,
825 2685 918 2752 quihus
933 2684 1012 2737 etiam
1026 2685 1095 2739 inter
1108 2687 1230 2756 supplicia

172 2766 281 2834 explicat
296 2764 419 2816 Politian.
438 2762 463 2813 io
479 2758 674 2825 Miscellaneis,
725 2770 867 2832 tyrannum
881 2763 1041 2828 incessebat,
1059 2763 1155 2819 diutius
1168 2787 1232 2821 mo-

172 2839 533 2912 cap.75.lntelligiturautem
544 2837 675 2902 Anticles,
725 2837 803 2891 lestus
820 2850 906 2902 esset;
931 2839 989 2892 vide
1009 2851 1034 2893 et
1056 2842 1141 2897 Valer.
1161 2845 1230 2899 Max.

173 2920 214 2990 qni
231 2938 294 2975 cum
313 2917 410 2970 caeteris
425 2914 520 2969 Grecis
534 2935 602 2984 equo
613 2915 678 2967 Du·
724 2916 767 2968 lib.
780 2916 837 2981 lli,
852 2936 906 2985 cap.
921 2918 944 2969 3.
957 2918 1061 2972 Mrcrt..

173 3012 243 3055 rateo
259 2999 392 3062 inclusus,
412 2994 445 3049 ad
461 3014 548 3048 vocem
566 2997 678 3048 Helene
755 2996 810 3063 575.
819 2996 998 3062 thuepatrem
1005 3000 1157 3054 Psamathes.
1165 3003 1230 3057 Scri-

174 3076 318 3131 simulantis
327 3091 479 3128 sermonem
491 3083 516 3125 et
527 3073 606 3124 verba
616 3089 679 3122 uro·
725 3074 757 3124 be
768 3074 916 3125 Psamathes
924 3093 954 3126 er
964 3074 1066 3129 Photio.
1078 3079 1232 3151 idemque

173 3153 297 3219 chillino,
311 3150 471 3220 respondere
484 3149 571 3202 voluit.
585 3145 638 3201 sed
648 3147 679 3199 ab
722 3162 819 3218 patrem
826 3152 984 3204 Psamathes.
994 3153 1032 3206 lta
1043 3156 1070 3207 in
1080 3158 1181 3213 Aldinis
1193 3162 1231 3215 lc-

176 3229 265 3304 Ulysse
278 3250 310 3283 eo
324 3249 407 3299 usque
421 3227 488 3281 illius
500 3227 589 3280 lauces
602 3243 680 3278 com·
726 3228 795 3296 gitur
806 3249 812 3288 ;
824 3238 852 3280 ut
863 3228 893 3280 de
905 3228 1023 3299 Crotopo
1031 3234 1181 3290 Psamathes
1191 3260 1230 3307 pa.

175 3308 499 3377 pressae‚doneccumvocc
508 3303 678 3358 unaetvitam
727 3314 765 3357 tre
778 3344 785 3367 ‚
804 3306 877 3370 cujus
889 3307 1041 3361 crudelitate
1053 3311 1133 3364 Linus
1145 3315 1232 3370 inians

175 3387 306 3439 amitteret
323 3395 449 3436 :auctore
461 3379 654 3452 Tryphiodoro.
727 3382 876 3451 expositus,
898 3394 924 3435 et
948 3404 962 3436 a
982 3387 1087 3441 canibus
1107 3390 1232 3448 laceratos

203 3467 257 3533 573.
270 3465 327 3516 Aut
338 3471 370 3514 ut
378 3461 558 3512 Anaxarchus.
572 3458 602 3511 ln
617 3457 678 3509 Vita
726 3457 789 3523 luit,
798 3458 956 3528 intelligatur
975 3463 1009 3515 Et
1019 3464 1085 3520 hanc
1094 3467 1231 3525 lectionem

174 3543 316 3596 Anaxarchi
326 3583 337 3608 „
352 3543 470 3595 Laertius
492 3537 585 3603 tradit,
600 3539 679 3590 Ana-
727 3539 804 3591 etiarn
816 3540 976 3607 prohabilem
988 3542 1047 3596 lacit
1061 3545 1086 3596 id
1100 3549 1168 3614 quod
1181 3562 1230 3602 sta·

173 3622 292 3673 sarchum
316 3621 390 3674 hunc
409 3617 565 3672 Abderitam
583 3614 677 3679 fuisse,
727 3618 774 3670 tim
784 3618 943 3684 sequiturde
958 3621 1106 3688 Clmrmhn,
1127 3628 1231 3696 dequo

174 3705 202 3747 et
215 3695 391 3749 Alexandrum
407 3705 535 3748 secutum·
550 3691 678 3745 llabultee
728 3695 867 3749 Pausanias
880 3697 907 3747 in
922 3698 1230 3771 AtticisltelCrotopus,

174 3785 265 3828 autem
273 3775 405 3829 inimicum
414 3772 679 3842 Nicocreontem,(2y·
728 3773 886 3841 Argivorum
900 3795 961 3840 res,
983 3777 1026 3830 uhi
1039 3781 1140 3833 rescivit
1152 3780 1232 3836 filiam

176 3853 299 3923 priorum
312 3861 458 3921 tyranmm.
472 3849 587 3904 Proinde
597 3867 679 3918 quum
728 3849 759 3901 ab
769 3849 888 3917 Apolline
896 3852 1027 3919 vitiatam,
1037 3867 1113 3924 atque
1122 3867 1234 3914 matrem

175 3928 320 4000 aliquando
329 3947 387 3980 cum
399 3929 541 3984 Alexandro
549 3939 677 3994 cenaret,
728 3928 781 3994 jam
799 3947 871 3994 esse,
888 3932 966 3982 morti
986 3932 1065 3984 dedit.
1083 3931 1235 3999 indignatus

176 4008 245 4077 isque
259 4008 293 4060 de
305 4005 419 4059 convivii
429 4008 551 4076 adparatu
559 4009 677 4058 Anaxar·
731 4003 825 4074 Apollo
841 4004 988 4076 Crotopum
1001 4006 1114 4059 conserit
1125 4011 1188 4064 telis.
1197 4015 1238 4079 Μ,

177 4083 252 4138 chum
273 4086 472 4151 interrogaret¹
498 4084 678 4150 respondisse,
763 4087 817 4150 577.
836 4084 914 4149 Inque
930 4093 988 4136 tuos
1005 4103 1036 4134 ea
1047 4089 1128 4149 pestis
1147 4102 1196 4143 cat.
1216 4098 1239 4151 Α
