2768 4694
155 337 218 402 252
424 333 698 402 HERCULIS
723 334 953 402 CIOFANI

252 473 356 526 Seruo.
373 486 472 524 rrnurr.
488 486 563 524 naor.
580 485 679 524 erran.
697 487 759 525 srsr.
777 485 918 525 rnnsrsr.
936 485 1078 524 numnam.

256 565 439 616 Pavrnarsvs.
457 577 593 627 neonium.
611 578 737 616 vararanes.
756 579 809 616 urs.
828 575 965 616 cousrrcn
983 575 1105 614 raanan.

155 688 256 762 Numi
266 684 366 774 olim,
385 713 487 786 quum
497 685 560 760 sub
570 715 659 760 mero
670 713 783 781 regum
797 687 935 785 imperio
948 703 1047 771 esset,
1067 685 1218 789 (quippe

155 802 250 877 annis
265 801 384 877 abhinc
403 799 479 902 plus
493 802 603 874 minus
620 801 859 902 quinquaginta
877 800 1102 898 Launojorum
1123 801 1217 902 prin·

155 914 266 1015 cipum
294 915 393 989 misto
417 931 511 1014 paret
535 913 701 1014 imperio,
729 941 870 1014 qnorum
893 941 982 986 nune
1006 914 1220 1001 flottam,

157 1030 291 1131 ejusque
305 1026 394 1102 filius
406 1029 600 1101 Pmnrros
613 1045 692 1102 sunt
705 1028 918 1129 superstites)
933 1045 999 1101 tam
1012 1028 1102 1114 aerei,
1123 1058 1221 1130 quarn

158 1141 319 1239 argentei,
338 1159 438 1242 atque
459 1142 572 1228 aurei,
592 1171 732 1241 quornm
753 1139 935 1216 nonnullos
957 1139 1057 1214 hodie
1084 1142 1223 1242 reperiri

76 1357 79 1361 Ι
158 1259 325 1344 ridemus,
348 1256 507 1331 Sulmone
535 1258 748 1332 cudebantur.
778 1258 876 1330 Unde
896 1258 1006 1357 ipsum
1024 1286 1041 1330 a
1061 1258 1223 1352 regibus,

159 1377 214 1477 qui
241 1391 350 1448 aestate
372 1373 428 1445 hic
451 1374 758 1458 commorabantur,
780 1400 909 1472 semper
925 1371 1061 1472 plurimi
1080 1399 1153 1449 esse
1171 1373 1224 1448 fa-

159 1511 246 1566 ctum
263 1491 336 1590 quis
352 1518 420 1562 non
438 1489 618 1588 opinetur?
630 1491 668 1560 L.
684 1485 817 1574 Florus,
834 1484 978 1559 debello
994 1487 1163 1579 Mariano,
1177 1489 1226 1565 sic

160 1608 200 1681 de
218 1606 374 1680 Sulmone
390 1603 494 1680 literis
508 1603 710 1697 consignavit
725 1633 732 1675 :
749 1602 915 1689 «Positis,
931 1602 1059 1702 inquit,
1071 1589 1224 1700 singulo?

162 1756 179 1787 »
194 1751 268 1796 rum
277 1719 449 1794 hominum
461 1719 527 1794 fere
536 1720 654 1820 poenis,
662 1718 839 1818 municipia
847 1717 948 1792 ltalia
957 1716 1224 1818 splendidissima

164 1871 181 1902 u
198 1836 261 1910 sub
276 1835 371 1909 hasta
384 1836 555 1909 venierunt
570 1865 577 1906 :
591 1834 795 1935 Spoletium,
812 1837 1019 1921 Interamna,
1038 1835 1223 1923 Praeueste,

164 1985 181 2015 »
197 1951 358 2025 fluentia.
376 1954 460 2024 Nam
472 1949 681 2039 Sulmonem,
695 1967 789 2024 vetus
803 1949 962 2050 oppidum
981 1948 1109 2024 socium
1122 1967 1225 2052 atque

164 2065 336 2138 »amicum
355 2065 504 2162 (lacinus
525 2064 740 2162 indignum),
759 2062 908 2139 nondum
925 2081 1167 2163 expugnatum,
1185 2081 1225 2138 nt

166 2212 183 2243 »
199 2179 333 2253 obsides
345 2180 416 2278 jure
425 2178 504 2253 belli
518 2179 634 2266 modo,
651 2198 684 2253 et
696 2195 803 2252 morte
813 2179 955 2252 damuati
968 2179 1043 2252 duci
1052 2180 1223 2278 jubentur,

166 2324 183 2356 »
200 2291 246 2365 sic
263 2291 445 2365 damnatam
463 2292 625 2366 civitatem
638 2293 736 2392 jussit
752 2292 840 2392 Sylla
859 2291 968 2366 deleri.
993 2328 1008 2358 a
1026 2295 1141 2394 Atque
1160 2295 1225 2368 hoc

165 2425 214 2480 est
228 2406 384 2495 fortasse,
400 2408 490 2508 quod
506 2409 552 2481 ait
566 2426 662 2510 poeta
681 2426 812 2496 noster,
829 2409 929 2482 Trist.
942 2412 992 2496 ll,
1008 2407 1094 2496 321,
1110 2410 1226 2485 dolens

166 2555 199 2600 se
213 2554 265 2600 res
282 2543 389 2621 gestas
403 2525 629 2598 Romanorum
645 2541 677 2596 et
695 2524 808 2623 patriae
826 2553 894 2597 non
912 2524 1174 2624 conscripsisse:

328 2676 387 2729 Non
401 2674 466 2727 mihi
478 2674 613 2727 materiam
627 2672 745 2726 bellatrix
758 2675 843 2726 Roma
854 2674 985 2743 negabat,

358 2757 393 2810 Et
406 2758 463 2826 pius
474 2768 512 2810 est
523 2757 611 2826 patriae
623 2755 690 2810 lacta
702 2756 800 2809 referre
812 2755 893 2810 labor.

167 2873 348 2946 Possumus
363 2892 518 2973 praeterea
534 2873 693 2972 conjicere
709 2892 837 2976 poetam
856 2877 1008 2950 nostrum
1027 2902 1068 2947 eo
1086 2877 1226 2950 carmine

167 2986 261 3090 etiam
277 2988 457 3084 significare
470 2987 633 3077 voluisse,
650 2991 741 3090 quod
753 3007 897 3065 recenset
910 2992 1026 3078 Caesar,
1040 2993 1067 3077 l,
1079 3018 1149 3091 cap.
1168 2989 1225 3077 18,

168 3098 207 3171 de
216 3100 310 3175 Bello
320 3100 428 3191 Civili,
437 3101 497 3175 ubi
509 3103 555 3177 ita
565 3123 625 3178 est.
643 3139 660 3169 «
673 3106 808 3180 Interim
819 3106 937 3181 Caesari
949 3106 1134 3192 nuntiatur,
1147 3101 1225 3177 Sul-

167 3243 357 3305 monenses,
371 3217 462 3319 quod
473 3219 633 3319 oppidum
644 3249 662 3294 a
673 3219 822 3307 Corfinio
837 3237 960 3320 septem
974 3218 1115 3293 millium
1126 3218 1228 3292 inter-

167 3328 252 3402 vallo
276 3331 388 3418 abest,
407 3360 526 3433 cupere
543 3332 718 3420 euincere,
738 3362 810 3434 quae
832 3331 931 3408 vellet
955 3363 962 3405 :
982 3332 1074 3408 seda
1092 3332 1136 3428 Q.
1159 3334 1231 3407 Ln-

169 3445 269 3516 cretio
284 3463 431 3519 senatore
448 3464 480 3519 et
492 3447 587 3520 Attio
604 3446 789 3547 prohiberi,
810 3445 914 3546 quiid
928 3446 1089 3547 oppidum
1104 3463 1232 3546 septem

170 3561 354 3636 cohortium
363 3564 516 3664 praesidio
526 3564 691 3638 tenebant,
709 3563 817 3636 Mittit
832 3592 871 3637 eo
888 3564 936 3637 Μ.
954 3563 1139 3636 Antonium
1157 3590 1233 3638 cum

169 3672 310 3769 legionis
326 3694 446 3750 octava
462 3677 658 3753 cohortibus
680 3677 853 3776 quinque;
880 3674 1114 3750 Sulmonenses
1133 3673 1234 3751 simul

168 3804 267 3889 atque
284 3809 397 3863 nostra
414 3791 507 3884 signa
524 3788 699 3878 viderunt,
724 3805 836 3889 portas
851 3807 1051 3889 aperuerunt
1074 3819 1082 3863 :
1101 3790 1233 3863 univer-

170 3907 263 4007 sique
281 3925 313 3981 et
329 3906 489 4009 oppidani
514 3924 547 3980 et
571 3905 690 3983 milites
709 3905 839 3980 obviam
863 3908 1064 4004 gratulantes
1081 3907 1232 3980 Antonio

170 4021 326 4095 exierunt.
340 4020 512 4096 Lucretius
520 4038 554 4095 et
564 4021 677 4096 Attius
686 4020 726 4095 de
733 4049 829 4098 muro
839 4051 875 4098 se
885 4022 1078 4122 dejecerunt.
1091 4055 1108 4087 »
1118 4023 1232 4118 Quare
