2768 4694
450 268 552 388 rur
572 321 605 386 r.
632 318 868 390 nssson.

292 459 467 530 Quor-entem
480 459 578 515 frustra
588 471 674 515 custos
686 480 729 516 me
741 462 845 517 sedibus
857 461 905 517 illis

326 551 484 621 Prepositus
494 563 585 607 sancto
597 552 672 621 jussit
686 552 755 608 abire
769 554 833 610 loco.

128 667 214 744 Dein
232 667 274 742 dc
290 669 435 744 Octaviae
450 669 601 772 porticus
618 669 825 746 bibliotheca
843 672 1036 773 subjungit:

291 809 384 864 Altera
396 809 496 880 templa
509 820 584 879 peto,
597 809 684 867 ricino
695 813 784 881 juncta
797 812 901 866 theatro
911 817 936 867 ¹:
982 869 988 878 ,

322 899 390 955 Hac
402 919 511 971 quoque
523 911 600 955 eram
610 900 721 970 pedibus
733 921 788 956 uon
801 903 923 958 adeunda
935 904 1010 959 meis.

127 1017 281 1121 Denique
299 1019 340 1093 de
358 1018 569 1093 Bibliotheca
589 1019 625 1093 in
647 1020 828 1097 Libertatis
850 1023 948 1097 Atrio
965 1032 978 1061 ²
996 1023 1105 1098 Asinii
1122 1024 1202 1098 Pol-

127 1128 226 1206 lionis
242 1132 410 1207 sumtibus
428 1133 632 1206 constituta:

297 1271 355 1327 Nec
366 1291 425 1340 rue,
437 1291 495 1342 quse
506 1272 589 1329 doctis
601 1282 744 1345 potueruut
755 1277 839 1347 prima
850 1276 860 1310 ³
871 1277 978 1344 libellis,

332 1363 408 1419 Atria
419 1364 535 1420 Libertas
545 1376 652 1436 tangere
664 1387 736 1438 passa
746 1388 792 1423 sua
802 1379 849 1423 est.

300 1453 333 1508 lu
343 1475 424 1526 genite
434 1457 547 1512 auctoris
558 1459 646 1512 miseri
658 1458 764 1515 fortuna
777 1459 926 1526 redundat;

329 1546 365 1603 Et
374 1548 490 1618 patimur
503 1548 575 1618 usti,
588 1569 667 1620 quum
680 1551 741 1607 tulit
751 1553 823 1622 ipse,
836 1551 933 1623 lugam.

136 1656 233 1732 Hand
255 1656 334 1732 alias
355 1688 456 1748 vero,
477 1678 599 1762 preter
623 1689 695 1749 eas,
721 1664 837 1736 Rornae
857 1660 1080 1737 bibliothecas
1102 1661 1204 1737 suisse

134 1771 300 1872 publicas,
314 1774 478 1849 evincitur
493 1773 507 1823 ⁴
529 1802 569 1848 ex
587 1801 673 1849 vers.
694 1802 739 1877 79
753 1794 787 1850 et
802 1775 850 1849 80
865 1806 873 1848 :

297 1920 402 1976 interea
413 1961 421 1990 ,
434 1921 512 1977 statio
522 1920 651 1995 quoniam
662 1923 728 1977 mihi
739 1923 841 1994 publica
852 1923 938 1978 clausa
947 1935 1005 1991 est,

329 2011 437 2066 Privato
449 2011 526 2068 liceat
536 2012 669 2068 delituisse
681 2012 755 2080 loco;

136 2137 165 2192 et
180 2139 273 2196 erant
291 2122 422 2223 quidem
440 2123 561 2226 privati
576 2127 712 2215 Romae,
731 2126 787 2227 qui
804 2127 919 2202 Nostri
938 2154 1037 2227 opera
1052 2123 1203 2200 studiose

136 2236 352 2332 colligebant,
369 2238 471 2312 Trist.
489 2239 547 2314 lib.
565 2245 634 2331 ΙΙΙ,
653 2242 747 2339 Eleg.
768 2261 842 2317 XIV.

181 2359 278 2434 Vlll.
313 2357 401 2454 Quis
424 2356 525 2430 suerit
540 2360 645 2434 rosidi
668 2362 772 2445 locus,
795 2378 893 2462 atque
916 2360 1044 2435 itineris
1069 2360 1105 2432 in
1128 2384 1204 2432 eum

135 2502 349 2574 progressus,
376 2474 417 2548 ad
444 2493 633 2575 sequentem
651 2507 776 2554 annum
796 2479 1018 2580 opportunius
1046 2476 1203 2549 dicemus.

139 2590 186 2660 ht
198 2589 331 2665 interim
346 2592 400 2665 hic
419 2589 606 2665 adhucdum
622 2592 846 2680 observanda,
866 2621 938 2692 quae
948 2592 1072 2664 Noster
1088 2589 1129 2662 de
1147 2615 1207 2661 sna

138 2701 205 2776 hoc
221 2720 367 2805 tempore
370 2704 499 2802 faenilia
513 2705 675 2783 memorias
688 2707 865 2784 mandavit.
889 2709 1078 2806 Utrumque
1095 2721 1205 2779 autem

141 2847 237 2893 suum
248 2837 406 2920 potentem
422 2823 489 2920 jam
501 2838 579 2895 ante
595 2820 785 2911 decessisse,
803 2851 903 2925 supra
921 2819 933 2859 ⁵
953 2819 1205 2923 prenotavimus

140 2967 178 3012 ex
197 2939 297 3013 Trist.
315 2937 375 3013 lib.
394 2942 453 3028 lv,
470 2939 565 3037 Eleg.
584 2958 625 3026 x,
642 2938 717 3029 ubi,
733 2969 817 3015 vers.
833 2937 971 3031 81-84,
989 2937 1096 3015 canit:

170 3111 178 3140 ¹
198 3105 303 3163 Confer
313 3126 372 3178 qun
380 3127 436 3179 sup.
447 3106 612 3178 scripsimus,
626 3123 683 3177 pag.
697 3106 753 3161 nst

171 3197 183 3226 ²
200 3195 262 3249 Hoc
272 3204 346 3264 patet
361 3214 393 3248 es
410 3194 461 3249 hoc
480 3192 573 3248 Ovidii
593 3191 668 3260 loeo,
688 3190 710 3245 si
721 3210 782 3247 cuns
795 3194 912 3248 Suetonio
929 3190 1097 3258 conferatur,
1116 3194 1160 3262 qui
1180 3194 1209 3247 in

140 3277 206 3349 Aug.
218 3297 273 3348 cap.
286 3299 332 3353 ας,
345 3277 433 3333 scribit
445 3296 452 3332 ι
466 3299 481 3324 s
493 3275 634 3346 Multaque
644 3294 659 3328 a
670 3274 759 3331 multis
768 3287 897 3330 exstructa
907 3285 986 3339 sunu
1000 3275 1032 3328 ab
1041 3275 1135 3330 Asinio
1141 3276 1208 3330 Pul·

140 3359 232 3414 »lione
246 3360 354 3414 Atrium
364 3358 513 3414 Libertatis.
527 3379 542 3405 ν
1022 3401 1025 3411 .

170 3443 181 3477 ²
196 3445 318 3513 Scilicet,
332 3445 466 3500 «Asinius
478 3442 564 3497 Pollio
576 3458 686 3498 nntius
698 3440 889 3498 Bibliothecarn
900 3442 1027 3510 dicando,
1041 3442 1147 3512 ingenia
1160 3441 1210 3497 ho·

142 3547 156 3572 ¹·
167 3529 269 3583 minum
279 3548 338 3584 reru
351 3528 483 3598 publicam
494 3526 571 3594 fecit,
586 3548 600 3575 s
613 3536 644 3580 ut
654 3525 736 3581 habet
747 3525 864 3594 Plinius,
879 3526 947 3581 {list
960 3527 1021 3581 Nat.
1033 3526 1077 3581 lib.
1094 3525 1210 3593 XXXV,

142 3631 195 3680 cap.
207 3633 236 3679 a,
247 3614 291 3683 qui
302 3624 330 3669 et
342 3614 453 3670 tib.v11
463 3652 471 3681 ,
485 3632 540 3684 can.
551 3615 600 3680 to,
612 3611 742 3666 scribier«
751 3613 937 3667 Bibliothecae:
945 3625 1063 3666 rums!
1076 3609 1107 3661 sb
1115 3608 1210 3662 Asinio

143 3716 157 3741 s
171 3693 287 3749 Pollione
300 3716 331 3750 ex
342 3697 474 3751 manubiis
486 3693 645 3766 publicatum
658 3694 752 3748 llornsr
763 3712 827 3748 esse.
843 3715 857 3742 s
875 3695 1019 3765 Perperam
1033 3709 1096 3744 vero
1109 3688 1212 3745 (Σωπα-

142 3781 297 3833 bouusNot.
308 3780 337 3834 in
350 3781 460 3836 Sueton.
479 3780 547 3851 Aug.
564 3797 621 3850 cap.
635 3797 680 3851 29,
694 3798 726 3833 ea
738 3797 772 3832 eo
784 3778 897 3833 Nasonis
914 3779 973 3834 loco
989 3775 1100 3845 colligit,
1120 3775 1212 3832 doctos

142 3864 170 3917 in
184 3863 236 3916 hoc
246 3863 323 3916 Atrio
333 3863 469 3919 Libertatis
479 3863 513 3917 ad
524 3867 609 3933 ts'sxsr
620 3861 781 3917 convenisse.

174 3946 186 3982 ⁴
205 3943 288 4014 Quod
304 3942 367 3997 olim
383 3948 494 4000 Nardr'nr'
510 3945 709 4011 observaverat,
729 3943 774 3999 lib.
791 3946 819 3999 V
838 3945 871 3999 de
891 3947 956 4001 Ant.
971 3943 1074 4007 noma,
1093 3959 1149 4012 cap.
1170 3943 1209 3996 13.

144 4027 262 4083 Consule
274 4027 343 4097 Lips.
357 4025 390 4080 de
399 4027 523 4115 biblioth.
534 4047 592 4100 cap.
603 4031 618 4084 5
631 4039 658 4084 et
670 4029 695 4081 li.

175 4114 186 4150 ⁵
202 4114 267 4183 Pag-
282 4131 338 4167 na.
