2768 4694
486 350 582 416 PER
606 351 638 415 J.
666 348 885 417 Messon.
1152 373 1210 417 rar

154 509 266 567 eaturn
283 487 408 576 utitor,
426 505 627 588 conquestus
645 488 826 561 Domitiani
842 488 1029 589 principatu
1049 487 1215 589 delegatum
1317 562 1322 571 ,

157 606 336 682 triumviris
348 605 541 679 muntenni
555 661 564 688 ,
593 618 628 676 nt
641 620 830 677 rrroournento
842 605 1074 678 clarissimorum
1086 606 1216 705 ingemo-

159 751 225 798 rum
243 723 275 797 eir
295 722 412 796 conire
432 748 470 795 nc
491 720 580 793 Foro
605 737 770 794 urerentur.
799 725 882 796 ltenr
907 723 1029 796 Seneca
1057 739 1150 822 pater
1172 730 1181 761 ¹
1202 751 1211 795 z

160 836 197 911 T
193 836 337 911 morht
351 862 431 935 opus
447 848 518 918 est,
548 834 687 918 romeon,
715 837 873 936 compito,
900 853 962 911 ete.
982 834 1152 925 Tandem,
1175 863 1216 911 ne

157 951 309 1055 pinnitus
325 949 486 1054 exemplis
502 950 635 1024 taedinm
652 978 778 1039 ereem,
798 951 875 1024 Aut.
896 951 1046 1040 Gellius,
1067 951 1126 1026 lib.
1147 955 1217 1040 lll,

157 1097 227 1170 cap.
243 1067 282 1157 3,
300 1084 430 1154 narrat,
445 1066 592 1140 Narium
609 1065 737 1139 fabulas
751 1066 784 1138 in
799 1094 924 1141 earcere
938 1068 1019 1142 duas
1028 1067 1216 1168 scripsisse,

155 1212 261 1284 quum
277 1184 310 1255 io
323 1182 449 1255 vineata
461 1182 571 1255 Rornoe
584 1209 606 1253 a
621 1182 780 1254 trimnvr'n's
791 1183 939 1283 conlectus
949 1197 1035 1256 esset.

207 1301 256 1371 ll.
271 1297 420 1371 Maxime
432 1324 531 1399 porro
540 1297 626 1370 venit
639 1296 893 1385 observandum,
909 1295 1079 1398 capitalem
1091 1297 1217 1371 huncce

164 1410 407 1486 trinmrintnnr
416 1429 540 1513 partem
555 1412 656 1486 tuisse
670 1413 925 1509 vigintiviratus,
942 1413 1000 1513 qui
1013 1413 1055 1485 ad
1069 1431 1217 1487 senatum

161 1526 384 1624 eratgradus.
413 1527 452 1602 Id
479 1529 602 1630 optime
630 1558 691 1603 nos
716 1531 782 1603 llio
807 1529 953 1603 ²docuit
970 1528 1010 1603 ad
1029 1556 1081 1602 an.
1108 1533 1149 1602 U.
1177 1531 1216 1602 C.

159 1663 287 1720 ltccffl
307 1673 462 1734 narrans,
482 1647 572 1747 qnod
591 1676 693 1747 qunnr
714 1647 899 1722 senatorius
924 1675 1041 1721 census
1066 1675 1158 1749 usqne
1175 1647 1222 1720 od

157 1763 254 1841 decies
270 1766 433 1838 sestero'om
453 1762 699 1862 onctnsjnisset,
720 1791 884 1863 nemoque
900 1763 965 1861 jam
981 1763 1119 1835 inveniri
1138 1790 1218 1863 pos-

156 1900 222 1970 set,
242 1883 302 1983 qni
319 1899 437 1982 sponte
456 1910 514 1956 sua
531 1900 663 1956 senator
679 1909 749 1955 esse
764 1879 881 1967 vellet,
911 1880 986 1954 ideo
1004 1898 1218 1954 senatuscon-

158 1996 280 2075 sultum
297 1998 397 2072 fuerit
414 1997 554 2089 sactum,
575 2007 643 2080 τοὺς
664 2013 753 2074 &mooe
774 2006 967 2093 καλουμένους
984 2005 1090 2098 ἄνδρας
1112 2007 1216 2075 ἐκτῶν
1264 2075 1267 2082 ,

158 2125 262 2191 ἱππέων
282 2121 520 2205 ἀποδείκνυσθαι,
542 2119 642 2217 utqui
653 2118 843 2190 vocabantur
864 2141 910 2192 xx
927 2119 993 2191 viri
1008 2146 1050 2191 ex
1070 2119 1217 2220 equitibus

157 2234 406 2307 aestumator.
429 2268 446 2297 «
464 2236 617 2329 Quorum
631 2233 747 2307 deinde
765 2233 877 2308 nullus
894 2235 928 2307 in
939 2253 1087 2308 senatum
1104 2252 1154 2308 est
1169 2233 1215 2308 al·

159 2381 174 2411 »
194 2347 310 2434 lectus,
322 2347 388 2420 uisi
401 2347 714 2446 quernetiamaiiunr
726 2349 967 2443 magistratum,
978 2350 1072 2448 cujus
1089 2347 1217 2422 ratione

124 2533 127 2536 a
160 2495 177 2526 a
195 2481 324 2537 senator
340 2482 453 2563 posset
468 2462 557 2548 fieri,
580 2465 743 2556 gessisset.
764 2498 781 2527 »
807 2463 934 2538 Deinde
953 2465 1010 2566 qui
1034 2464 1160 2538 fuerint
1178 2463 1215 2534 hi

161 2597 208 2649 xx
230 2578 289 2650 viri
307 2578 353 2651 sic
372 2577 509 2678 exponit
527 2608 536 2651 ε
562 2611 578 2641 «
596 2581 641 2651 Et
657 2578 692 2650 hi
713 2599 760 2651 xx
778 2578 840 2650 viri
854 2579 930 2651 sacti
946 2578 1082 2652 fuerunt
1096 2605 1135 2650 ex
1150 2575 1216 2650 iltis

160 2723 178 2754 »
200 2709 286 2763 xxvl
301 2691 398 2777 viris,
417 2693 450 2764 in
470 2691 592 2792 quibus
610 2712 704 2766 erant
724 2694 859 2766 tresviri
876 2721 985 2765 rerum
1001 2691 1212 2793 capitalium,

162 2841 180 2871 »
200 2823 235 2880 et
251 2805 305 2879 alii
321 2819 383 2878 tres
394 2806 553 2903 signandae
567 2811 712 2909 pecuniae
725 2810 895 2906 negotium
908 2823 1071 2905 gerentes,
1088 2824 1217 2908 quotuor

160 2953 177 2986 a
197 2919 321 2992 viarum
340 2920 537 2995 urbanarum
556 2941 741 3010 curatores,
759 2943 792 2998 et
804 2923 905 2996 decem
918 2923 1067 3024 judiciis,
1085 2952 1155 3023 quae
1172 2925 1212 2997 ad

161 3072 178 3103 »
197 3038 417 3115 centumviros
435 3059 520 3114 sorte
537 3039 748 3126 deseruntur,
768 3041 1007 3141 proficiuntur3
1025 3049 1072 3113 καὶ
1087 3048 1113 3114 οἱ
1128 3046 1210 3129 δέκα,

159 3187 175 3218 s
194 3166 222 3231 oi
239 3142 285 3230 e'oi
294 3171 349 3232 τῶν
364 3161 550 3256 δικαστηρίων
568 3169 624 3228 τῶν
642 3161 671 3238 ἐς
689 3161 756 3238 τοὺς
769 3163 870 3231 ἑκατὸν
888 3160 994 3256 ἄνδρας
1014 3165 1211 3256 κληρουμένων

159 3307 174 3340 »
190 3281 462 3370 ἀποδεικνύμενοι.»

198 3392 295 3465 Unde
306 3391 435 3492 liquido
448 3407 542 3491 patet
554 3416 612 3489 per
624 3390 713 3462 hunc
726 3388 959 3489 vigrirtt'vr'rotum
972 3390 1073 3466 suisse
1087 3391 1211 3466 aditunr

154 3507 193 3580 ad
207 3511 347 3608 majores
363 3509 398 3582 in
415 3525 533 3584 senatu
549 3507 713 3594 honores,
731 3507 781 3580 uti
796 3525 881 3580 reete
897 3507 1047 3610 Lipsius,
1066 3508 1107 3584 ad
1123 3509 1213 3582 hunc

153 3619 257 3693 Taciti
273 3622 284 3660 ³
302 3623 343 3696 de
359 3622 496 3696 Tiberio
510 3620 619 3695 locum
631 3619 780 3693 notavit:
799 3654 815 3684 »
833 3621 897 3694 Per
909 3621 994 3696 idern
1009 3642 1140 3722 tempus
1152 3623 1214 3692 Ne-

155 3767 173 3797 »
193 3736 651 3811 ronemeliberisGermanici
661 3737 727 3834 jam
739 3736 922 3832 ingressum
934 3739 1213 3836 juventam,eom-

186 3937 193 3966 ¹
213 3931 272 3985 Lib.
285 3932 342 3998 ttl,
355 3930 479 3988 Controt·
492 3931 658 4000 18,subfin.

184 4019 196 4048 ²
214 4015 271 4068 Lib.
284 4014 357 4079 Ltv,
371 4033 426 4084 pag.
439 4018 494 4082 540.

183 4095 194 4130 ³
211 4096 307 4151 Annei.
322 4096 366 4151 tib.
377 4094 434 4162 111,
448 4115 501 4167 cap.
514 4115 552 4169 ap,
