2768 4694
486 340 585 409 PER
609 343 642 407 J.
668 339 897 409 Messon.
1164 369 1220 415 tre

151 498 237 582 post
252 492 390 581 uqnente
403 477 475 564 dt,
497 477 647 552 indutam
661 505 749 566 esse,
766 499 806 553 ut
821 508 929 581 operae
944 482 1171 580 pretiumnon-
1182 487 1228 561 sit

156 624 283 671 serram
298 595 360 669 bac
376 594 417 669 de
432 623 468 670 re
483 594 699 694 reciprocare.

209 714 257 786 Ea
266 711 554 814 porronovissima
563 710 791 786 observatione
803 768 813 800 ,
826 712 937 788 utboc
947 712 1084 803 addam,
1102 714 1138 790 id
1148 744 1226 818 quo

160 855 223 927 que
239 828 322 918 ruit,
341 828 435 930 quod
459 828 563 902 eidem
581 826 621 900 cl.
640 827 733 915 viro,
760 829 953 905 Rubenium
972 847 1108 919 secuto,
1125 831 1228 941 iuxti-

159 943 294 1044 quidum
320 943 515 1030 videbatur,
533 959 573 1016 ut
592 942 677 1016 nibil
695 942 820 1039 magio
847 977 864 1008 «
885 944 1089 1020 Potitiorum
1111 975 1227 1049 nempe

159 1092 177 1124 >v
196 1057 285 1133 filios
298 1059 405 1135 latum
423 1058 549 1135 clavum
564 1077 711 1154 gestasse
728 1076 803 1134 ante
818 1079 929 1156 togam
944 1061 1069 1136 virilem
1087 1063 1122 1136 in
1139 1092 1229 1164 pra-

159 1205 178 1238 »
196 1192 306 1263 texta,
325 1175 488 1275 siquidem
500 1175 550 1250 die
563 1176 707 1250 tirocinii
722 1175 868 1249 tunicam
881 1193 1001 1251 rectam
1015 1177 1096 1251 boni
1108 1179 1229 1253 ominis

163 1322 181 1354 s
203 1317 302 1363 causa
318 1289 517 1378 induebant;
534 1292 619 1365 unde
635 1293 792 1388 Augusto
810 1290 937 1366 virilem
953 1309 1063 1387 togam
1075 1293 1228 1367 induenti

164 1434 182 1466 n
205 1402 313 1477 tunica
327 1402 497 1493 laticlavia,
510 1437 581 1509 que
589 1407 629 1482 ad
639 1406 739 1508 pedes
750 1404 840 1481 iltius
851 1405 1032 1481 decidebat.
1046 1441 1063 1472 »
1078 1407 1228 1498 Etenim,

165 1517 300 1620 inquam
316 1548 395 1616 ego,
415 1549 515 1622 quum
534 1522 713 1597 Suetonius
731 1531 738 1560 ¹
757 1521 898 1596 scribit:
916 1526 1082 1625 Augusto,
1103 1528 1235 1599 sumenti

159 1636 277 1709 veir'lem
297 1638 400 1713 tunsio
419 1638 480 1712 tao·
496 1640 578 1714 clari
587 1700 596 1725 ,
622 1655 722 1713 resuta
739 1670 781 1714 es
805 1656 930 1743 utroque
942 1658 1050 1741 porte,
1075 1642 1120 1715 nd
1133 1643 1229 1745 pedes

157 1751 286 1838 dectdrt;
308 1783 379 1828 non
404 1757 513 1851 magis·
535 1756 632 1832 istam
655 1756 851 1830 sententiam
872 1757 986 1855 juvat,
1006 1786 1104 1858 quam
1130 1758 1227 1832 aliam

157 1866 437 1958 existimantium,
451 1870 604 1971 patritios
613 1872 664 1944 uti
674 1890 707 1944 et
717 1888 852 1945 ceteros
865 1869 996 1944 nobiles
1008 1900 1131 1972 pueros
1149 1901 1230 1945 non·

159 1979 223 2053 nisi
240 2010 313 2055 cum
332 2000 411 2079 toga
433 2012 518 2085 pura
533 1984 637 2059 latum
652 1983 801 2060 induisse
824 1983 961 2059 clavum.
987 1986 1122 2085 Semper
1144 2001 1228 2059 cette

158 2098 242 2172 redit
260 2102 420 2202 questio,
439 2131 539 2204 quam
553 2133 592 2178 ex
606 2132 646 2178 eo
660 2103 811 2178 Suetonii
828 2104 903 2177 loco
919 2105 1138 2179 Casaubonus
1152 2133 1228 2207 pro-

158 2216 286 2316 posuit;
307 2245 490 2318 quorsum,
507 2218 629 2294 scilicet
646 2220 711 2296 isto
729 2219 802 2294 loco
822 2241 854 2296 et
872 2241 1019 2323 tempore
1037 2252 1073 2297 ea
1096 2224 1225 2314 tunica,

158 2330 221 2405 nisi
242 2333 293 2407 vel
316 2363 391 2408 cum
409 2333 496 2407 virili
512 2353 590 2430 toga
606 2355 691 2412 esset
708 2338 895 2428 induenda,
914 2340 964 2415 vel
981 2369 1054 2415 cum
1071 2357 1229 2442 pretenta

159 2443 350 2547 deponenda
362 2451 377 2522 Ρ
388 2453 506 2552 Neque
516 2451 681 2549 sequitur,
693 2454 884 2547 Augustum
898 2483 935 2527 ea
948 2456 1059 2528 tunica
1071 2455 1225 2528 indutum

163 2586 235 2633 cnm
254 2583 409 2663 praetexta
425 2567 460 2638 in
476 2568 600 2639 Forum
614 2566 665 2639 die
681 2566 825 2642 tirocinii
842 2569 990 2655 venisse,
1008 2569 1036 2642 si
1053 2597 1092 2641 eo
1110 2568 1163 2643 die
1180 2587 1228 2643 tu-

162 2677 267 2753 nicam
297 2699 405 2755 rectem
427 2683 594 2757 sumserit.
612 2688 697 2760 Nam
723 2702 757 2758 et
780 2685 865 2758 hanc
891 2702 923 2756 et
951 2684 1132 2761 lotr'elotrirm
1159 2704 1228 2758 tum

163 2794 301 2870 induere
315 2797 440 2898 potuit,
457 2798 486 2872 si
503 2828 567 2873 una
584 2798 684 2874 suerit
703 2800 881 2905 eademque
901 2799 1026 2888 tunica,
1045 2798 1095 2873 rel
1114 2800 1142 2875 si
1164 2802 1228 2875 du·

160 2909 237 3010 pler
249 2911 364 2985 induta
374 2912 437 2998 sit;
456 2943 557 3015 quum
571 2914 766 2988 alterutrum
779 2937 893 2988 contra
905 2942 1030 2988 morem
1045 2942 1115 2990 esse
1128 2945 1226 2991 nemo

159 3025 318 3102 hactenus
342 3028 542 3128 probaverit.
573 3026 703 3100 Deinde
719 3056 822 3129 quum
842 3028 1047 3110 Diodisertc
1064 3030 1170 3105 tradat
1187 3042 1225 3123 ²,

160 3164 295 3247 propter
312 3146 378 3220 boc
401 3174 495 3222 omen
522 3143 642 3219 tunicae
663 3142 831 3221 tatietaviae
851 3145 892 3221 ad
918 3146 1019 3248 pedes
1047 3147 1227 3233 decidentis

160 3263 285 3338 tatium
302 3262 453 3339 retulisse
468 3261 667 3350 Octavium,
685 3261 743 3364 qui
756 3263 897 3364 posthac
909 3265 1102 3360 Augustus,
1120 3266 1155 3340 in
1168 3295 1227 3368 pa-

160 3380 271 3454 tricios
284 3409 292 3468 ;
308 3379 397 3453 haud
410 3379 493 3455 satis
507 3396 557 3452 est
570 3378 728 3453 Rubenio
737 3379 939 3482 ‚Graerioque
952 3381 1094 3461 Dionem
1106 3385 1227 3457 erroris

161 3522 311 3591 arguere,
327 3495 391 3591 nisi
400 3523 472 3571 rem
487 3494 580 3569 aliter
593 3524 627 3570 se
641 3496 782 3584 habere,
796 3494 860 3571 alio
874 3498 1073 3596 probassent
1085 3499 1228 3595 graviori

164 3613 371 3702 testimonio,
395 3615 489 3716 quod
511 3615 678 3689 tamenab
699 3613 766 3690 iltis
787 3615 975 3691 adhucdum
991 3636 1226 3720 exspectemus.

164 3732 280 3830 Neque
298 3732 428 3807 tandem
445 3731 516 3807 ullo
534 3733 730 3806 confirmant
746 3720 848 3820 teste,
866 3731 962 3807 aliam
983 3734 1045 3808 hac
1063 3735 1098 3806 in
1114 3760 1148 3805 re
1165 3759 1227 3830 po-

164 3848 311 3922 tn'trbrum
324 3848 440 3939 fuisse,
460 3879 558 3950 quam
572 3869 762 3925 ceterorum
776 3848 939 3925 nobilium
954 3876 1133 3955 puerorum
1146 3877 1227 3922 cau-

195 4021 204 4051 ¹
224 4019 259 4071 ln
275 4015 342 4086 Aug.
353 4023 455 4091 cauqt.
515 4073 521 4079 ,

195 4105 207 4135 ²
224 4100 283 4155 Lib.
297 4099 383 4165 XLV,
398 4119 519 4172 pegam.
