2768 4694
482 350 579 418 rna
603 352 635 416 J.
663 349 887 419 naasson.
1154 354 1214 443 173

159 488 306 564 mortuis
320 514 403 563 coss.
418 487 616 587 Lepidoqne
632 516 707 560 cum
725 488 773 561 Μ.
793 486 942 562 Antonio
956 489 1090 586 juncto,
1105 490 1219 588 (quod

157 621 199 677 lv
218 602 281 677 kal.
296 604 374 677 Jun
393 601 554 695 contigit,
573 630 612 674 ex
627 603 718 676 Fam.
738 601 796 675 lib.
819 606 873 689 X,
891 605 955 702 Ep.
983 604 1119 694 xxm),
1144 630 1216 676 eun·

156 716 200 789 ad
218 717 267 790 M.
284 717 427 789 Brutum
444 742 479 787 sc
500 713 720 788 conferentem
739 716 854 789 Cicero
873 715 1008 789 summis
1031 714 1127 789 effert
1147 712 1220 788 lau·

156 831 275 918 dibus,
292 858 366 932 quae
384 828 437 902 illi
453 858 522 902 uon
537 831 736 904 conveniunt
759 831 863 916 atati,
882 858 923 904 ne
941 830 1045 903 dicam
1060 830 1219 930 pueritiae.

154 950 189 1021 Is
204 947 315 1035 enim,
344 945 406 1020 lib.
423 945 466 1021 ad
483 946 534 1019 M.
552 947 714 1031 Brutum,
733 945 842 1044 Epist.
871 963 934 1018 xlx
956 974 965 1017 ε
993 977 1010 1008 «
1030 946 1135 1032 Cave,
1153 944 1220 1033 ait,

154 1095 173 1124 »
190 1078 312 1160 putes,
333 1057 520 1160 probitate,
539 1059 743 1145 constantia,
763 1085 857 1144 cura,
880 1057 991 1130 studio
1019 1055 1099 1157 reip.
1132 1057 1223 1157 quid·

158 1207 177 1238 n
198 1202 302 1275 quam
318 1173 368 1246 illi
384 1201 455 1248 esse
471 1174 584 1247 simile.
603 1177 651 1246 Ut
663 1175 869 1274 eloquentia,
887 1200 952 1272 qua
964 1170 1158 1245 mirabiliter
1170 1201 1221 1247 ex·

162 1323 180 1353 »
201 1286 294 1360 cellit
308 1288 443 1375 (Mb),
459 1288 510 1359 rix
524 1289 559 1360 in
577 1316 616 1360 eo
635 1288 742 1361 locum
756 1289 798 1361 ad
818 1287 1016 1361 laudandum
1033 1286 1154 1361 babere
1169 1286 1223 1358 vi-

162 1434 182 1464 »
204 1398 344 1487 destun
362 1426 544 1501 quanquam
562 1400 596 1472 in
622 1401 683 1475 bac
699 1403 771 1500 ipsa
794 1399 952 1501 sapientia
967 1398 1045 1500 plus
1061 1416 1222 1500 apparet:

163 1552 181 1582 o
199 1518 246 1591 ita
264 1515 353 1611 gravi
364 1516 503 1616 judicio,
515 1517 684 1617 multaque
698 1521 791 1613 (NB.
803 1522 818 1610 )
832 1535 899 1591 arte
913 1545 948 1591 se
961 1517 1106 1590 exercuit
1121 1516 1155 1589 in
1170 1544 1223 1589 ve·

160 1670 177 1699 »
195 1634 330 1708 rissimo
345 1661 463 1729 genere
480 1633 620 1706 dicendi.
638 1635 745 1707 Tanta
758 1651 868 1708 autem
881 1633 1042 1707 industria
1059 1651 1126 1721 est,
1146 1651 1221 1706 tan-

159 1784 177 1817 »
198 1769 340 1851 tumque
355 1750 537 1847 evigilatio
549 1750 680 1837 studio,
694 1767 810 1822 utnon
823 1749 960 1822 maxima
972 1749 1124 1843 ingenio,
1135 1750 1224 1849 quod

161 1900 179 1931 a
197 1866 232 1939 iu
248 1895 290 1940 eo
307 1895 471 1941 summum
495 1885 564 1953 est,
581 1866 685 1961 gratia
703 1864 852 1956 babenda
867 1865 1030 1948 videatur,
1045 1883 1107 1939 etc.
1127 1899 1143 1928 »
1160 1867 1224 1936 Ur-

161 2009 236 2077 gere
254 2011 389 2084 quoque
404 2010 577 2082 possemus
601 2009 675 2082 quae
697 1981 785 2067 Dio,
802 1981 912 2054 adan.
939 1983 981 2053 U.
1010 1981 1047 2053 C.
1071 1998 1223 2066 Declssx,

161 2113 268 2169 narrat
286 2094 446 2169 derebus
467 2093 555 2169 bello
583 2095 739 2167 adversus
765 2094 929 2181 Salassos,
960 2112 1020 2168 etc.
1044 2123 1062 2167 a
1081 2092 1223 2169 Messala

161 2211 312 2310 preclare
329 2212 451 2307 gestis,
474 2229 507 2285 et
523 2211 644 2310 quibos
661 2212 865 2311 triumphum
881 2213 1016 2300 meruit;
1033 2212 1078 2284 ita
1101 2229 1134 2284 et
1151 2239 1224 2311 quae

160 2326 334 2412 Tibullus,
355 2323 414 2397 lib.
437 2327 487 2410 ll,
505 2324 598 2417 Eleg.
618 2344 660 2412 V,
679 2325 719 2400 de
737 2327 807 2422 ejus
824 2325 893 2398 lilio
914 2325 1096 2400 Messalino
1113 2311 1221 2408 canit;

162 2457 259 2539 atque
281 2441 377 2513 etiam
399 2467 472 2539 quae
489 2438 663 2513 Suetonius
686 2441 726 2512 de
743 2440 880 2513 Tiberio
899 2442 1036 2526 scribit,
1061 2467 1132 2539 cap.
1154 2465 1222 2536 70:

167 2586 184 2616 s
201 2555 244 2625 ln
254 2556 400 2627 oratione
410 2553 510 2626 latina
527 2572 719 2630 secutusest
730 2557 908 2631 Corvinum
922 2555 1115 2639 Messalam,
1127 2583 1225 2654 quem

166 2667 704 2767 »SENEtt(llB.)A1)0LEscENS
729 2671 967 2744 observaverat.
996 2702 1014 2733 a
1042 2667 1115 2741 Etsi
1140 2667 1225 2740 enim

165 2781 292 2855 Tiberii
318 2781 540 2858 adolescentium
562 2785 603 2859 ad
630 2814 751 2860 annum
769 2814 873 2886 usque
893 2784 997 2859 atatis
1020 2803 1093 2858 xxv
1111 2801 1224 2857 exten-

167 2896 243 2970 dere
260 2894 428 2982 lubuerit,
450 2925 543 2970 senex
568 2915 675 2969 tamen
691 2897 756 2994 jam
771 2898 871 2972 suerit
891 2895 1032 2973 Messala
1054 2924 1139 2970 anno
1161 2898 1224 2971 cir-

167 3010 246 3085 citer
263 3012 304 3082 U.
320 3011 356 3084 C.
373 3028 555 3085 Dccxxxvt
567 3068 576 3097 ,
590 3038 657 3110 quo
670 3009 824 3084 Tiberius
834 3031 897 3085 xvt
911 3010 1087 3084 Novembr.
1103 3039 1224 3084 annum

169 3146 236 3202 xxv
252 3126 404 3202 absolvit.
420 3128 545 3201 Contra
562 3125 677 3198 verosi
691 3126 835 3200 rationes
849 3128 1052 3227 Hieronymo
1065 3126 1162 3201 initas
1176 3154 1225 3200 sc·

168 3270 356 3343 queremur,
376 3242 520 3318 Messala
541 3260 612 3315 tum
632 3259 704 3314 xm
723 3258 961 3315 tantumannos
974 3258 1072 3314 natus
1089 3242 1223 3328 fuisset,

165 3358 224 3435 boc
241 3381 308 3450 est,
319 3360 441 3462 juvenis
456 3358 644 3434 adhucdum
660 3387 696 3433 ac
713 3355 811 3454 longe
828 3359 908 3432 satis
923 3389 941 3432 a
958 3374 1103 3432 nnectnte
1119 3387 1223 3432 remo-

167 3491 228 3546 tus.
253 3477 299 3547 At
316 3474 489 3573 superiora
512 3492 563 3548 sat
586 3500 751 3572 superque
773 3474 1041 3573 supputationem
1065 3473 1228 3568 Hierony-

169 3587 307 3660 mianam
322 3586 520 3662 convellunt.

218 3700 260 3769 V.
279 3700 334 3771 bn
351 3716 458 3775 autem
475 3701 619 3798 Scaliger
634 3728 742 3776 reram
759 3702 878 3777 erroris
896 3698 1141 3801 Hieronymiani
1159 3723 1231 3769 cau·

173 3839 243 3885 sam
256 3813 550 3911 aperuerit,nolim
562 3816 729 3891 adfirmare
741 3834 799 3890 aut
809 3816 1018 3917 pertinaciter
1026 3837 1153 3905 negare.
1168 3813 1229 3885 At-

174 3933 310 4012 tamen,
334 3926 363 3997 si
388 3926 600 4026 conjecturam
623 3931 771 4031 prolerre
795 3930 845 4005 las
870 3932 934 4019 sit,
959 3926 1230 4015 existimaverim,

170 4039 463 4116 hallucinationem
482 4072 521 4116 ex
546 4044 610 4118 alio
631 4047 721 4122 fonte
744 4049 942 4147 provenisse.
974 4040 1104 4115 Scilicet
1127 4072 1230 4143 quum
