2768 4694
165 376 208 442 36
435 379 473 442 Ρ.
502 377 689 444 OVIDII
714 379 955 450 NASONIS

212 519 328 592 Victor
344 534 382 591 ut
398 534 449 593 est
464 515 561 591 celeri
578 518 727 618 victaque
745 547 835 594 versa
853 523 956 622 pede:
1174 543 1227 612 460

163 636 306 736 Solaque
322 635 460 709 Limone
477 661 606 733 poeuam
625 662 666 708 ne
684 635 822 709 senserit
833 635 939 722 illam,

210 755 256 825 Et
271 769 327 824 tua
345 748 441 822 dente
456 747 527 822 fero
545 748 667 821 viscera
686 765 799 849 carpat
815 777 931 849 equus.

161 872 249 954 Aut,
268 883 306 939 ut
324 862 567 950 Cassandreus,
584 862 723 937 domiuo
740 892 809 936 non
827 864 940 939 mitior
955 866 1029 952 illo,

210 984 348 1059 Saucius
363 981 489 1077 ingesta
506 980 744 1055 contumuleris
761 982 874 1056 humo.
918 1022 921 1027 v

160 1102 247 1185 Aut,
266 1115 303 1171 ut
321 1096 542 1182 Abantiades,
560 1115 619 1169 aut
638 1113 676 1169 ut
693 1095 857 1195 Cycneius
872 1096 991 1181 heros,
1174 1117 1226 1184 46⁵

211 1214 352 1287 Clausus
369 1212 404 1282 iu
420 1238 587 1310 equoreas
601 1211 816 1311 praecipiteris
832 1240 944 1312 aquas.

162 1332 302 1403 Victima
322 1324 371 1398 vel
390 1323 518 1396 Phoebo
537 1350 644 1395 sacras
662 1326 813 1395 macteris
831 1325 871 1396 ad
885 1352 972 1409 aras,

211 1447 321 1540 Quam
340 1435 417 1510 tulit
432 1465 451 1509 a
468 1463 552 1509 saevo
572 1434 769 1506 Theudotus
785 1435 881 1507 hoste
899 1462 1020 1507 necem.

162 1564 231 1633 Aut
249 1573 280 1626 te
296 1551 448 1623 devoveat
466 1546 563 1621 certis
579 1545 712 1620 Abdera
729 1544 865 1631 diebus,

210 1675 360 1770 Saxaque
377 1667 532 1741 devotum
549 1663 707 1759 grandine
723 1662 819 1762 plura
832 1679 956 1762 petant.
1175 1689 1227 1759 47⁰

163 1795 233 1864 Aut
245 1786 339 1862 Jovis
356 1783 466 1857 infesti
483 1779 550 1854 telo
565 1780 680 1853 seriare
697 1776 856 1866 trisulco,

213 1908 261 1978 Ut
277 1918 367 1977 satus
385 1899 587 1997 Hipponoo,
606 1893 855 1992 Dosithoesque
872 1912 980 1994 pater;

164 2116 305 2163 converso,
318 2112 400 2166 quum
412 2092 438 2144 in
452 2089 558 2163 Cybelis
567 2088 667 2156 templo
715 2084 890 2138 ter-imeretur.
900 2086 970 2136 Vnt.
984 2086 1116 2139 Arrun-
1125 2091 1222 2160 Lym.

163 2177 258 2231 amoris
270 2174 407 2243 impatiens
416 2170 597 2239 Hippomenes
606 2185 666 2220 cum
713 2164 1222 2231 sinsheros.Cycner'uscumSarraviano;

164 2255 249 2328 puella
260 2272 316 2306 rem
329 2248 466 2304 habuisset
477 2247 554 2300 Dout.
714 2237 911 2304 multilr'pneius
918 2248 945 2289 et
953 2239 1069 2306 Lentem·
1078 2259 1125 2308 pro
1134 2245 1223 2296 Coesus

186 2320 667 2402 451.·l'o!aquelrirsone.Limone,Hip·
714 2317 792 2368 etiam
801 2319 1223 2386 Claususreponendum.Perseus

163 2410 283 2483 pomenis
294 2426 325 2461 es
335 2404 473 2466 Atalanta,
486 2401 555 2468 lilia,
570 2409 666 2468 apatre
713 2395 820 2449 enimet
829 2396 917 2449 Tenes
925 2415 989 2451 arose
998 2398 1089 2452 inclusi
1096 2398 1221 2465 luerunt,

163 2493 192 2546 iu
202 2486 330 2543 adulterio
342 2480 520 2552 deprebensa,
536 2477 609 2546 equis
620 2476 666 2530 di·
715 2493 797 2543 quum
806 2476 833 2528 in
842 2477 1156 2546 mareprsscipitabantur.
1167 2482 1222 2536 Nos

162 2564 304 2638 scerpenda
314 2573 352 2616 est
364 2558 463 2615 tradita.
474 2559 542 2610 Zau.
715 2550 788 2619 plura
800 2552 833 2605 de
845 2551 964 2606 hocloco
976 2555 1044 2607 uotis
1057 2556 1221 2611 uberioribus

195 2647 251 2713 463.
263 2644 332 2701 Asi.
347 2650 375 2693 a!
387 2639 538 2694 cassandri.
553 2636 667 2685 domebus
714 2629 741 2680 in
756 2628 874 2681 medium
887 2630 1059 2698 proferemus.
1072 2635 1146 2686 H.-
1155 2637 1223 2705 lys-

163 2745 214 2778 nors
225 2726 310 2776 mitior
319 2721 371 2770 illo.
386 2716 456 2767 Libri
473 2710 549 2765 multi
566 2720 667 2765 veteres
714 2708 886 2759 nesr‘ushems.
901 2706 1030 2775 Loquitur
1041 2709 1073 2762 de
1085 2710 1220 2781 Telepho,

165 2801 329 2858 cassasdm,·
342 2792 447 2864 quidam
458 2791 667 2844 Cassasdmdo·
715 2784 760 2853 qui
779 2784 937 2856 Lyrnesium
955 2798 982 2839 et
1000 2788 1129 2842 Pedasusn
1144 2791 1220 2844 urbes

163 2883 231 2931 miro
245 2894 294 2927 nos
304 2878 389 2925 aritr'or
404 2875 463 2929 illo,
482 2865 540 2931 vel,
554 2869 667 2918 Cassan·
713 2862 798 2915 tenuit
809 2863 936 2930 imperio:
948 2864 968 2916 is
979 2885 1039 2917 cum
1051 2869 1126 2934 Auge
1136 2880 1219 2920 matre

164 2958 253 3013 dress,
282 2961 312 3002 ut
332 2947 521 3016 Apollodorum
549 2944 665 2997 Camars-
713 2941 741 2993 iu
759 2959 855 2992 urnam
867 2940 1020 3010 impositus,
1037 2955 1066 2994 ut
1082 2943 1219 3011 Euripides

163 3031 226 3085 deis
243 3039 385 3100 tyrannum
407 3022 546 3090 intelligat,
565 3021 596 3073 de
613 3040 666 3090 quo
713 3027 740 3069 et
753 3016 848 3070 Strabo
859 3019 993 3082 scribunt,
1010 3017 1042 3069 ad
1059 3020 1123 3071 ostia
1138 3020 1218 3091 Cayci

163 3108 240 3161 Pont.
249 3105 292 3157 lib.
301 3103 344 3168 ll,
356 3099 395 3153 El.
407 3117 434 3152 rx
443 3139 450 3166 ,
460 3099 504 3151 ubi
515 3097 666 3152 monuimus
713 3091 997 3160 fluminisdelatusest,
1007 3094 1050 3146 ubi
1060 3096 1160 3164 imperii
1170 3097 1217 3150 be-

160 3182 326 3237 scribeudum
346 3177 445 3243 videri,
465 3195 500 3228 vs.
517 3177 566 3240 43:
582 3198 595 3221 «ι
610 3176 665 3228 Aut
712 3193 754 3227 res
767 3172 870 3226 relictus
882 3186 921 3229 est
933 3175 1217 3231 aTheutranie,1)0ffl‚

163 3260 331 3315 Cassandreae
342 3256 450 3308 domino
460 3273 515 3306 nou
523 3254 613 3306 mitior
621 3271 665 3304 ur·
744 3253 801 3324 469.
813 3254 923 3304 Abdera,
937 3251 1007 3304 Urb,
1017 3252 1134 3305 Thracia
1143 3254 1217 3306 inmo

160 3341 206 3393 bis.
220 3363 233 3385 u
247 3339 346 3391 Hnttts.
712 3331 775 3383 anni
792 3331 927 3383 homiuem
943 3332 1055 3384 devovet
1072 3352 1120 3400 pro
1135 3332 1216 3385 salute

192 3417 312 3482 utamur
322 3423 351 3466 u!
359 3413 524 3465 Abantiades.
537 3411 663 3463 Perseum
711 3410 864 3474 communi,
879 3409 1016 3480 obruitque
1029 3410 1161 3479 lapidibus.

159 3492 294 3558 intelligit3
306 3508 368 3542 nam
377 3508 407 3540 ex
415 3488 519 3560 Lynceo
527 3498 553 3538 et
563 3489 664 3557 Hyper·
744 3493 798 3551 47²·
817 3488 853 3539 Ur
864 3500 937 3540 sarus
951 3490 1089 3555 Hipponoo.
1109 3490 1216 3557 lmpre-

159 3583 275 3626 mnestra
288 3570 373 3632 Abas,
387 3587 417 3620 es
434 3566 533 3618 Abante
547 3567 663 3618 Proteus
710 3574 783 3616 catur
795 3563 861 3615 hosti
872 3574 1067 3639 xipasssstsytss.
1079 3565 1120 3617 De
1132 3566 1216 3635 Capa-

157 3662 184 3704 et
203 3648 335 3712 Acrisius,
354 3666 385 3699 es
405 3645 503 3697 Acrisio
519 3643 627 3707 Danae,
647 3664 661 3695 e
711 3659 777 3704 neo,
787 3639 920 3708 llipponoi
930 3641 998 3707 silio,
1008 3661 1086 3710 quem
1095 3655 1177 3711 poete
1187 3645 1215 3698 in

156 3728 249 3781 Danae
267 3726 378 3778 Perseus
396 3721 523 3774 oriundus
542 3732 600 3774 est:
617 3723 661 3789 qui
710 3718 903 3786 oppugnatione
916 3718 1087 3785 Thebarum,
1104 3721 1215 3775 fulmine

158 3807 251 3870 arculo
263 3802 389 3863 inclusus,
403 3801 434 3852 ab
445 3799 543 3852 Acrisio
553 3800 578 3851 in
590 3818 661 3851 mare
710 3815 859 3866 percussum
874 3816 927 3850 esse
946 3798 1057 3866 fingunt.
1076 3801 1142 3854 illud
1160 3822 1213 3853 non

155 3903 268 3952 prseceps
278 3880 352 3932 datus
361 3887 412 3941 est,
427 3885 561 3944 postquam
570 3894 661 3928 consu·
709 3874 818 3941 perinde
827 3885 930 3938 notum,
941 3878 972 3928 ab
982 3877 1035 3944 ipso
1044 3881 1157 3948 primum
1164 3897 1213 3931 scs„

153 3958 218 4011 lenti
232 3961 319 4013 Deum
338 3966 387 4031 erpi·
403 3961 490 4006 existas
503 3953 661 4026 γινέσιωςὲρ-
709 3951 793 4002 larum
814 3954 1034 4019 oppugnationem
1057 3959 1212 4016 inventam

153 4040 234 4111 pisos,
247 4056 277 4087 ex
289 4034 393 4087 oraculo
405 4048 556 4099 responsum
575 4038 641 4081 esset
652 4068 659 4093 ,
708 4032 782 4096 eujus
791 4030 828 4082 rei
839 4033 908 4086 testis
916 4045 954 4086 est
962 4037 1085 4105 Vegetius
1095 4075 1102 4100 ,
1111 4035 1152 4087 lib.
1162 4033 1211 4097 lV,

155 4113 313 4165 nasciturum
326 4134 340 4167 e
353 4112 405 4165 lilia
418 4109 517 4171 filium,
532 4126 609 4176 aquo
621 4107 661 4161 in·
708 4128 729 4160 r.
743 4128 781 4161 as.
792 4109 819 4163 S.
828 4116 1013 4168 -Hosridoes
1022 4115 1117 4178 Atrax,
1130 4129 1212 4181 quum
