2768 4694
156 389 222 460 290
490 359 887 431 nnnmamonns

157 504 374 594 contulimus,
393 523 430 577 ut
446 504 593 605 apertior
606 503 703 578 vobis
720 520 809 580 emet
822 521 856 578 et
868 501 1002 606 planior
1012 502 1056 578 ad
1069 503 1229 580 Ovidimi

157 625 312 702 carminis
330 620 582 724 explicationem
599 623 659 695 via.
680 621 822 697 Habetis
841 620 953 697 brevia
970 619 1080 698 libelli
1098 622 1227 698 brevem

160 737 465 844 praefatiunculam:
482 767 556 839 quae
572 755 681 814 tamen
696 763 811 812 vereor
822 765 865 813 ne
877 738 921 813 ait
932 765 1031 840 aquo
1044 737 1225 841 pmlixior;

160 878 194 934 et
217 858 366 931 imitatus
380 855 548 931 existimer
564 854 669 930 malon
686 855 898 943 architectos,
916 873 976 929 ant
990 855 1106 958 inepte
1122 858 1225 933 ambi·

161 972 268 1049 tiosos
283 988 395 1072 patres
410 969 570 1058 familias,
587 969 647 1073 qui
663 998 704 1045 ne
719 970 757 1044 in
772 997 808 1067 re
823 987 963 1066 anguata
978 969 1224 1047 videaturau-

161 1105 256 1185 guste
264 1084 430 1172 habitare,
441 1082 622 1186 aliqnando
633 1085 742 1187 parvis
751 1083 879 1160 adibus
893 1113 1013 1182 magna
1026 1079 1225 1188 praununt

158 1198 331 1276 vestibula.
1202 1224 1205 1235 ·

554 1319 838 1345 mmm

260 1509 315 1591 n.
352 1500 631 1607 monum,
666 1501 1129 1615 anemurum,

392 1717 603 1771 nummo
620 1716 661 1768 ln
680 1715 991 1782 HALIEUTICON,

511 1898 718 1939 innumeratum
733 1897 852 1950 unani,

328 2039 522 2109 JOANNI
548 2038 816 2107 BAPTISTAE
846 2040 1069 2108 ALBANO.

212 2235 440 2308 Dlrrlcmott
456 2256 553 2318 sane,
571 2255 608 2301 ac
628 2226 832 2302 finctuosior
847 2231 1017 2330 provincia
1038 2251 1108 2322 est,
1133 2261 1226 2334 qnam

164 2346 284 2446 vulgus
300 2344 484 2433 existimat,
502 2344 589 2444 ejus,
615 2343 726 2445 quiin
747 2362 892 2418 veterum
917 2362 1090 2421 auctorum
1114 2375 1228 2423 monu-

165 2462 285 2541 menn'a
301 2460 501 2562 purgandis,
516 2459 576 2535 aad
592 2487 660 2533 non
673 2459 745 2534 sine
762 2487 891 2534 summo
909 2459 1022 2555 gloria
1038 2462 1228 2562 splendore,

166 2610 264 2658 omne
279 2608 376 2654 suum
387 2576 582 2653 studiumac
594 2574 797 2672 diligentiam
808 2574 972 2666 collocat;
987 2579 1091 2653 modo
1106 2579 1231 2682 aliquid

168 2695 398 2792 adgrediatur,
415 2722 454 2767 ac
472 2710 623 2795 prestet,
640 2693 731 2792 quod
748 2693 891 2794 reipubl.
918 2692 1068 2770 literaria
1090 2695 1229 2773 intersit.

167 2812 274 2913 quue
295 2812 424 2887 duabus
435 2811 648 2912 potissimum
660 2810 846 2887 rationibus
864 2811 991 2887 efficere
1003 2829 1127 2913 potest
1142 2814 1231 2911 Qm-

169 2955 244 2999 rum
260 2926 361 3001 altera
377 2943 451 3012 est;
485 2925 515 2998 si
537 2926 606 3024 ejus
625 2926 758 3027 operia,
783 2928 873 3028 quod
889 2927 1055 3005 illustrare
1078 2929 1231 3017 studeat,

168 3040 313 3142 priscum
326 3039 462 3143 aliquod
475 3040 640 3142 exemplar
651 3059 768 3118 nactus
782 3061 847 3130 est,
861 3045 955 3143 cnjus
965 3072 1029 3146 ope
1038 3063 1137 3144 atque
1143 3045 1235 3120 auxi·

169 3154 214 3227 lio
232 3157 350 3243 nnus,
375 3157 446 3230 loca
463 3156 607 3258 aliquot,
624 3159 651 3234 ai
669 3158 780 3232 minus
798 3158 929 3247 omnia,
952 3188 1026 3262 quae
1039 3161 1073 3233 in
1086 3187 1128 3234 eo
1146 3179 1235 3239 tem-

98 3331 101 3335 .
166 3270 258 3371 poris
275 3269 355 3359 vitio
373 3270 547 3372 depravata
563 3291 662 3362 sunt,
679 3272 817 3349 feliciter
833 3277 1000 3366 emendet,
1018 3284 1117 3379 atque
1130 3279 1168 3353 in
1179 3280 1234 3355 in·

172 3406 300 3482 tegrum
314 3387 476 3462 restituat.
494 3388 608 3464 Altera
624 3418 700 3465 vero
716 3421 724 3480 3
746 3393 775 3467 si
790 3394 935 3493 ejmdem
953 3397 1084 3490 generis
1097 3395 1198 3487 libri,
1216 3426 1236 3473 a

172 3533 240 3607 qno
262 3503 398 3576 mendas
418 3506 545 3579 auferre
568 3525 724 3599 eonemr,
743 3508 908 3611 exemplar
924 3512 1082 3614 seriptum
1108 3513 1236 3607 nullum

174 3620 336 3724 repperit,
355 3621 551 3720 conjecturis
566 3622 636 3722 ejus
652 3624 844 3701 vulneribus
855 3627 1051 3703 medicinam
1061 3628 1175 3706 faeiat.
1188 3632 1237 3705 Ex

172 3739 227 3813 his
243 3735 437 3812 emendandi
458 3737 662 3827 rationibus,
681 3741 785 3813 tutior
803 3743 939 3817 omnino
956 3760 990 3818 et
1006 3742 1117 3820 minus
1135 3745 1239 3821 audax

174 3855 337 3956 priorest.
356 3851 554 3952 Quanquam
567 3854 597 3928 ai
612 3855 760 3956 quirent,
776 3858 881 3958 quiin
895 3878 1035 3962 utraque
1046 3891 1083 3937 re
1094 3862 1239 3967 aliquid,

176 3969 267 4069 quod
282 3965 455 4042 doctorum
479 3967 650 4045 hominum
667 3972 804 4050 auribus
821 3975 957 4073 dignum
971 3977 1034 4065 sit,
1060 3977 1239 4066 moliatur,

176 4080 204 4156 is
218 4080 353 4156 summis
369 4095 403 4154 et
418 4106 523 4182 prope
540 4081 660 4162 divinis
673 4083 829 4166 laudibus
845 4089 1047 4167 adficiendus
1060 4110 1128 4182 eat;
1143 4091 1238 4191 eujus
