2768 4694
152 358 197 444 46
437 358 477 422 P.
507 357 684 426 OVIDII
714 358 942 449 NASONIS

199 497 306 582 Vicit,
327 524 424 596 opem
443 496 571 571 miseris
586 497 821 599 Argolicisque
838 497 925 572 tulit.

148 617 267 714 thue
283 640 387 711 nepos
407 611 551 697 AEthrae,
572 614 710 688 Veneris
726 615 897 715 periturus
915 614 958 686 ob
976 613 1074 700 iram,

201 728 304 802 Exsul
321 727 363 801 ab
384 726 543 801 adtonitis
560 730 737 804 excutiaris
752 730 857 832 equis.
1173 749 1223 804 sto

154 849 297 946 Propter
314 871 394 944 opes
410 871 544 939 magnas
562 863 600 918 nt
617 847 762 946 perdidit
779 848 901 948 hospes
916 846 1102 935 alumnum,

205 959 327 1034 Perdat
344 958 390 1035 ob
409 959 542 1055 exiguas
560 977 592 1033 te
608 980 686 1036 tuus
701 963 825 1064 hospes
843 992 934 1062 opes.

160 1079 247 1148 Utve
262 1075 372 1147 ferunt
391 1074 508 1150 fratres
526 1104 584 1151 sex
601 1105 674 1151 cum
691 1076 975 1151 Damasichthone
992 1106 1110 1164 caesos,

206 1193 351 1264 Intereat
366 1206 472 1263 tecum
489 1192 537 1266 sic
555 1219 658 1285 genus
679 1220 775 1265 omne
796 1209 899 1265 tunm.

159 1306 298 1380 Addidit
314 1323 353 1378 ut
367 1305 488 1377 fidicen
506 1307 632 1378 miseris
650 1333 708 1380 sua
724 1307 839 1378 funera
852 1308 957 1393 natis,
1178 1329 1226 1382 585

208 1422 263 1494 Sic
282 1419 345 1492 tibi
363 1418 430 1491 sint
445 1417 520 1490 vite
538 1418 633 1490 tedia
648 1418 737 1514 justa
757 1434 827 1490 tuae.
916 1472 922 1481 .

162 1540 248 1608 Utve
264 1560 360 1605 soror
373 1530 530 1631 Pelopis,
548 1558 628 1605 saxo
645 1530 773 1604 dureris
790 1529 930 1617 oborto,

171 1702 175 1709 -
209 1653 255 1724 Et
273 1648 371 1723 laesus
391 1647 506 1744 lingua
523 1649 642 1721 Battus
659 1647 701 1721 ab
718 1648 789 1748 ipse
807 1676 875 1720 sua.

162 1769 250 1846 Aera
268 1767 295 1840 si
314 1767 416 1838 misso
432 1792 571 1837 vacuum
586 1762 771 1862 jaculabere
789 1763 898 1851 disco,

211 1884 290 1980 Quo
307 1908 390 1979 puer
408 1875 608 1965 OEbalides,
626 1879 712 1952 ictus
731 1880 772 1952 ab
792 1880 876 1952 orbe
892 1880 997 1953 cadas.
1181 1905 1231 1976 590

164 2001 281 2099 Siqua
298 2025 358 2097 per
373 1993 520 2067 alternos
537 1992 724 2095 pulsabitur
741 1994 829 2067 unda
844 1993 1002 2081 lacertos,

215 2112 337 2187 Omnis
352 2107 514 2209 Abydena
528 2107 573 2181 sit
592 2107 654 2179 tibi
672 2109 768 2209 pejor
783 2139 877 2210 aqua.

170 2302 303 2359 Choroebo
314 2308 464 2351 monstrum
479 2295 545 2350 lilios
560 2305 674 2348 matrum
726 2315 770 2349 rus
783 2316 891 2365 pueros,
904 2299 1052 2367 puellasque
1065 2319 1140 2352 senos
1152 2301 1231 2356 fuisse

167 2385 228 2438 sinu
241 2381 372 2443 educens,
391 2388 468 2446 atque
486 2377 614 2429 devorans
628 2377 676 2428 in·
725 2375 824 2439 scribit,
835 2376 872 2428 bis
880 2386 1001 2443 septenos
1010 2377 1162 2446 Euripides,
1172 2380 1233 2449 qni·

170 2460 325 2521 tendentum
338 2455 452 2521 Statius,
468 2453 510 2506 lib.
528 2455 540 2508 l
556 2452 677 2506 Thebai·-
727 2453 788 2506 darn
800 2453 843 2507 alii
853 2455 991 2524 scriptores
1002 2467 1054 2511 tres
1064 2466 1168 2512 untnm
1179 2480 1233 2531 vo-

171 2538 235 2603 dos,
256 2535 301 2588 uhi
320 2533 371 2586 boc
389 2543 539 2586 monstrum
558 2528 678 2599 graphice
728 2531 800 2596 lunt;
817 2530 897 2586 Ovid.
910 2533 990 2587 etiam
1001 2535 1028 2588 in
1042 2535 1097 2589 Vll
1114 2536 1180 2591 Met.
1194 2538 1233 2592 bis

172 2608 567 2685 depingit,dicens5pb:«Ser0
575 2624 680 2658 memor
728 2610 1234 2683 septemdieit,etmariumponitnomi·

173 2684 681 2756 thalami,moestesotattam0rti,Pho-
728 2689 1234 2761 na:quiomnessagittaal’boebooocisi

174 2774 215 2839 be,
223 2789 305 2842 paras,
314 2777 464 2820 monstrum
471 2761 593 2827 infandis,
600 2758 681 2815 Ache
728 2775 809 2829 sunt,
829 2775 935 2835 propter
952 2768 1041 2821 matris
1056 2769 1168 2822 nimiam
1183 2789 1235 2823 sn-

174 2860 250 2903 ronte
257 2846 305 2900 sub
314 2845 384 2910 imo,
393 2853 440 2897 etc.
447 2864 460 2888 υ
470 2839 584 2895 Ovidius
592 2850 681 2892 autem
729 2843 860 2913 perbiam,
869 2844 1027 2914 Latonaeque
1037 2859 1233 2916 contemptum,

175 2927 238 2981 illud
248 2936 396 2979 monstrum
400 2933 495 2989 pestem
503 2918 620 2988 adpellat.
636 2918 663 2972 S·
730 2940 808 2989 quam
818 2921 932 2975 sterilem
940 2923 1108 2992 predicebam
1119 2924 1236 2991 equibus

203 3011 264 3076 579.
284 3004 364 3070 thue
380 3019 455 3066 nepos
466 3000 567 3052 AEttre.
581 2997 683 3051 Revera
730 3019 799 3052 unus
810 3009 867 3051 erat
879 3000 1075 3054 Damasichton.
1117 3054 1125 3076 ο
1289 3046 1296 3062 ,

175 3077 408 3151 Hippolytum,ob
415 3076 483 3129 iram
490 3075 683 3144 Veneris,que
766 3078 822 3129 585.
838 3078 955 3130 Addida.
972 3076 1123 3144 Amphion,
1139 3083 1235 3147 conjux

177 3161 210 3214 ab
218 3180 250 3212 eo
256 3156 486 3233 contemnebatur,
494 3154 682 3225 interemptum
732 3156 843 3219 Niobes,
858 3157 967 3209 mortuis
977 3155 1048 3219 siliis,
1060 3157 1107 3208 sibi
1120 3169 1234 3213 mortem

176 3235 310 3306 comperio
324 3232 392 3302 apud
402 3230 482 3285 Orid.
495 3231 536 3284 lib.
546 3231 571 3280 V
584 3232 683 3284 Fastor.
732 3233 867 3297 conscivit,
880 3231 963 3286 clarus
976 3245 1030 3286 arte
1041 3234 1146 3288 musica.
1158 3235 1237 3291 Dour.

178 3318 228 3381 boo
238 3334 245 3366 :
257 3335 270 3359 a
282 3310 426 3382 Hippolyte
435 3307 538 3375 infelix,
554 3308 631 3362 velles
639 3326 685 3362 co-
766 3314 822 3377 587.
835 3312 911 3363 Soror
919 3313 1026 3378 Pelopis.
1038 3312 1120 3364 Niobe
1133 3313 1238 3368 Tantali

177 3375 254 3447 luisse
265 3389 398 3453 Dionem,
410 3387 503 3456 Quum
515 3385 686 3440 consternatis
733 3409 764 3442 ax
775 3390 890 3460 Taygete
904 3387 973 3452 lilia,
992 3388 1147 3458 Amphionis
1158 3391 1237 3446 The-

179 3469 329 3540 diripereris
340 3467 420 3537 equis.
431 3488 444 3512 a
456 3465 686 3520 sauv.-Mornn-
733 3468 827 3520 barum
840 3467 908 3536 regis
921 3486 985 3519 uxor
998 3468 1048 3520 fuit
1063 3487 1069 3519 :
1085 3487 1142 3535 quse
1154 3471 1237 3525 nimio

178 3547 499 3612 ms.Metiorespm·tms.
511 3544 612 3596 Hune·
735 3562 847 3597 rnoerore
866 3545 898 3597 ob
913 3555 1034 3599 natorum
1053 3545 1189 3599 interitum
1209 3550 1237 3602 in

214 3629 269 3681 581.
283 3626 318 3676 (st
322 3626 433 3691 perdr'lae’t
440 3625 536 3690 hospes.
549 3619 580 3674 ld
591 3631 645 3686 est,
658 3630 686 3673 ut
735 3639 854 3673 marmor
862 3620 958 3673 dieitur
971 3642 1059 3686 versa,
1074 3632 1103 3674 ut
1118 3625 1149 3676 ab
1159 3622 1238 3679 Ouid.

181 3697 687 3777 PolydorusaPolymnestore,Tbracioe
735 3700 762 3751 in
773 3699 883 3752 Metam.
898 3697 940 3751 lib.
954 3700 992 3752 Vl
1006 3701 1156 3768 accepimus.

181 3805 257 3854 rege,
275 3783 369 3835 violato
388 3779 492 3848 hospitii
509 3779 566 3846 jure
583 3785 688 3829 necatus
769 3778 824 3829 588.
839 3777 1158 3846 Ettaesustimananus.
1170 3782 1202 3834 ln
1212 3782 1238 3834 ll

183 3874 231 3929 est,
239 3861 379 3931 cupiditate
387 3856 442 3911 auri
451 3855 520 3923 quod
529 3853 646 3907 habebat.
654 3852 688 3904 D.
736 3853 913 3921 Metamorph.

216 3941 271 3993 583.
287 3930 518 4005 (sequestrans-De
532 3947 644 3984 numero
655 3928 689 3980 fi-
765 3936 819 4003 ⁵9⁰·
831 3934 956 3998 Quopuer.
965 3933 1242 4007 Hyacinthus,aPhoe-

182 4016 277 4069 liorum
283 4006 566 4076 Niobesdtverseapud
573 4017 689 4058 auctores
738 4008 772 4061 bo
785 4008 909 4075 dilectus,
923 4009 950 4062 in
964 4011 1025 4064 ludo
1039 4013 1100 4065 disci
1114 4012 1145 4063 ab
1158 4022 1241 4062 coest

183 4095 352 4162 reperiuntur
359 4087 494 4143 sententie
505 4104 583 4140 :nam
590 4085 690 4140 Home·
739 4085 866 4139 extinctus
877 4105 924 4154 per
936 4087 1147 4157 imprudentiam.
1164 4083 1241 4138 Dosr.
