2768 4694
465 334 535 400 ΕΤ
562 333 939 401 PRAEFATIONES.
1172 362 1233 429 ‘²9¹

166 477 303 572 generis
319 474 467 548 homines
482 492 515 547 et
533 491 663 575 patrum
681 491 871 547 nostrornm
889 475 1047 548 memoria
1064 475 1160 552 multi
1182 508 1239 552 ex-

167 594 377 682 celluemnt,
391 608 425 667 et
420 574 501 667 hac
516 596 632 666 nostra
649 578 742 665 aetate
755 590 987 692 multoplures
1000 587 1183 685 excellunt,
1201 618 1239 672 ut

169 708 749 804 VictoriuS‚ld11rctus,Sigonius,
774 708 974 796 Ciacconus,
1003 709 1148 801 Statius,
1172 716 1238 788 Ur-

167 828 281 917 sinus,
299 824 462 923 Scaliger,
480 821 548 897 alti.
569 824 723 920 Quorum
744 850 808 918 ego
830 823 987 899 insistens
1011 825 1176 922 vestigiis,
1203 830 1240 903 in

168 946 300 1020 Ounu
317 945 688 1040 Haunnr1c0‚0pere
704 966 807 1040 quum
825 939 867 1013 ad
884 938 1021 1014 latinum
1035 968 1237 1035 sermonem,

167 1075 238 1131 tum
255 1057 348 1131 ad
313 1057 457 1167 piscium
474 1072 608 1128 naturas
629 1072 728 1153 atque
746 1054 877 1149 ingenia
896 1056 1123 1150 cognoscenda
1146 1058 1238 1134 valde

165 1171 264 1259 utili,
281 1160 490 1246 emendando
517 1186 614 1270 atque
635 1164 834 1243 illustrando
851 1198 921 1244 non
936 1199 1075 1272 parvum
1090 1174 1239 1251 studium

167 1285 285 1387 posui,
295 1285 482 1384 veterisque
495 1280 705 1383 exetnplaris,
722 1283 1236 1416 quodnullnmexstatlrodierno

169 1402 246 1490 die,
260 1428 323 1502 ope
348 1399 542 1486 destitutus:
563 1398 759 1498 conquisitis
783 1416 891 1474 tamen
910 1401 1135 1501 prestantium
1153 1406 1239 1480 viro

169 1545 266 1605 rum,
285 1502 395 1618 quiin
410 1514 529 1590 talibus
546 1513 647 1614 relius
660 1534 786 1589 samma
803 1544 877 1589 eum
893 1515 989 1590 laude
1002 1520 1121 1593 versati
1135 1538 1234 1610 sunt,

166 1633 387 1730 conjecturis,
402 1630 523 1734 quibus
534 1631 696 1732 quasdam
705 1659 793 1706 meas
806 1632 935 1719 addidi,
951 1661 1048 1735 quam
1059 1637 1236 1713 maximum

165 1749 283 1850 potui,
302 1747 458 1823 auxilium
471 1747 587 1822 adtuli.
601 1746 919 1848 Adjunxipraeterea
934 1748 1140 1837 Aristotelis,
1158 1753 1237 1827 Plu-

165 1864 288 1953 tarchi,
300 1852 440 1952 AEliaui,
457 1863 626 1966 Oppiani,
642 1860 742 1936 Plinii
753 1863 997 1965 ,aliommque,
1012 1894 1070 1968 qur
1061 1867 1237 1970 depisci-

167 1981 233 2056 bus
247 1979 351 2054 multa
367 1981 465 2054 etiam
483 1978 737 2076 diligentissime
753 1977 857 2053 literis
879 1980 1133 2077 consignarunt,
1151 2013 1236 2058 non·

167 2095 256 2173 nulla
269 2096 341 2173 loca
348 2096 496 2198 ,quibus
507 2120 581 2197 quse
593 2098 629 2170 in
641 2095 706 2169 hoc
716 2084 807 2170 valde
821 2094 962 2173 lacerato
968 2101 1131 2200 opusculo
1144 2123 1232 2195 sunt,

164 2210 212 2284 rel
229 2213 353 2313 optime
370 2209 578 2285 illustrantur
579 2267 688 2284 .....

551 2374 830 2391 m

380 2520 644 2595 DOMlNlCl
669 2523 826 2596 MARH
854 2521 1009 2594 NIGRl

317 2716 557 2772 PuAEFarro
583 2715 639 2792 AI)
666 2716 832 2772 munos
859 2714 1076 2771 AMORUM,
1120 2716 1139 2777 ,⁴

211 2889 489 2963 Paterninum
506 2883 590 2959 illud
607 2884 691 2959 mihi
708 2902 854 2974 tantum,
878 2885 1025 2961 studiose
1041 2883 1166 2974 lector,
1184 2918 1223 2964 ex

159 3004 273 3081 multis
298 3033 370 3106 qua
386 3004 589 3101 grammatici
604 3002 665 3076 hac
681 3001 715 3075 in
731 3010 820 3104 palte
843 3003 1018 3104 querenda
1039 3002 1218 3095 tradidere,

159 3124 249 3200 lrisce
258 3125 291 3198 in
303 3122 397 3197 libris
406 3120 532 3205 censui,
543 3120 623 3220 'quis
631 3117 903 3195 videliceteorum
913 3118 957 3192 sit
967 3116 1084 3193 titulus
1099 3150 1107 3192 ε
1121 3137 1221 3223 atque

161 3269 198 3314 eo
215 3241 434 3343 quaerendum
444 3237 635 3335 diligentius
651 3235 847 3324 existimari,
866 3234 957 3335 quod
971 3236 1143 3311 doctorum
1156 3238 1218 3311 ho·

159 3354 282 3430 minum
305 3356 368 3429 hac
395 3356 430 3429 iu
458 3382 493 3428 re
520 3352 688 3427 sententia
712 3349 847 3427 variam.
873 3348 1062 3446 Elegiarnm
1085 3353 1219 3425 nornine

157 3469 252 3543 multi
268 3490 334 3546 tres
350 3473 412 3548 los
429 3472 536 3545 libros
550 3467 740 3571 adpellant:
756 3468 812 3565 sed
828 3495 945 3567 parurn
961 3485 1068 3555 recte,
1087 3485 1125 3541 ut
1147 3495 1217 3540 mea

156 3586 290 3687 quidem
302 3589 366 3663 lert
378 3589 507 3690 opini03
522 3616 597 3661 narn
609 3584 718 3681 elegit
731 3611 865 3685 quoque
877 3602 971 3670 sunt,
988 3583 1113 3683 quasin
1123 3581 1214 3653 Tris·

157 3701 249 3777 tibus
262 3702 390 3801 scripsit
403 3705 490 3778 Naso
505 3733 513 3775 ε
526 3701 616 3775 unde
630 3700 776 3774 incertus
793 3715 825 3769 et
840 3697 1015 3791 ambiguus
1029 3696 1083 3767 hic
1097 3691 1214 3766 titulus

155 3814 356 3891 redderetur.
364 3814 430 3888 Alii
438 3817 615 3891 Corinnam
626 3811 857 3888 vocant2inter
865 3829 1008 3912 quosest
1016 3807 1217 3881 nosterHer-

154 3930 288 4009 ruolaus
299 3930 567 4032 Barbarus,qui,
583 3931 713 4032 quoties
725 3956 763 4003 ex
778 3929 841 4003 hoe
852 3957 949 4030 opere
959 3923 1101 4000 carmina
1114 3921 1214 3997 citnt:

154 4046 317 4132 Ovidius,
333 4044 463 4145 inquit,
481 4044 515 4119 in
532 4045 697 4127 Corinna,
713 4056 775 4118 etc
793 4043 915 4117 Verum
932 4066 1001 4112 non
1014 4035 1054 4109 de
1066 4033 1213 4108 Corinna
