2768 4694
160 348 220 411 188
491 350 529 413 P.
558 346 733 415 OVIDII
764 348 889 414 VITA

153 514 228 558 rum
244 502 332 558 recte
350 486 508 560 Ovidium
527 486 792 588 reprehendisse,
810 483 904 586 quasi
921 511 1026 584 quum
1041 499 1142 583 poeta
1155 481 1219 567 ait,

155 603 291 702 Postque
304 631 385 676 tucos
396 619 479 677 ortus
491 622 552 678 etc.
569 605 755 681 Abstulerat
766 603 864 676 decies
875 620 935 677 etc.
954 600 1134 675 dicendum
1148 598 1222 673 luis

156 736 220 805 set,
240 719 306 793 Ter
321 719 390 792 tulit
401 736 432 792 et
445 719 541 794 decies
554 740 615 820 etc.

146 834 151 847 '
203 832 256 908 Ex
270 831 424 935 superius
441 864 543 936 porro
559 834 716 909 discussis
732 851 825 935 petet
840 859 974 934 qnoque
989 828 1140 906 Ilercult's
1153 822 1225 904 Cio·

57 1019 60 1023 f
144 947 223 1047 suoi
237 977 345 1038 error,
365 981 467 1052 quum
486 953 520 1025 in
540 951 653 1026 Ovidii
674 951 750 1024 Vita
776 951 822 1024 sic
840 950 984 1024 scribit:
1008 980 1026 1012 κ
1051 945 1225 1021 Profectus

161 1099 179 1129 »
199 1084 308 1140 autem
326 1067 422 1141 estin
442 1067 592 1141 exsilium
606 1088 645 1141 tv
663 1066 741 1140 ldus
755 1065 969 1151 Decembris,
987 1090 1114 1138 annum
1127 1088 1226 1155 agens

162 1215 178 1242 u
199 1199 234 1267 L,
251 1210 379 1256 menses
394 1201 464 1268 Vll,
480 1182 550 1256 dies
566 1212 641 1256 vero
662 1202 732 1256 xxt.
758 1216 774 1247 »
791 1185 920 1256 Bnnnm
933 1182 1040 1253 virum
1051 1175 1170 1253 calculi
1181 1172 1227 1252 le·

159 1294 323 1370 tullerunt.
342 1297 473 1370 Etenim
493 1326 594 1398 quum
612 1300 770 1383 fateatur,
788 1300 954 1372 Nasonem
973 1316 1020 1369 xx
1040 1293 1159 1369 Martii
1177 1321 1226 1366 an.

75 1406 78 1425 ⁵
160 1413 202 1482 U.
223 1413 391 1489 C..1tccx1
417 1430 531 1486 natum
556 1441 647 1502 esse;
673 1414 880 1487 manifestum
906 1431 981 1497 est,
1008 1429 1078 1484 vttt
1101 1437 1230 1484 menses

160 1527 295 1628 diesque
315 1547 395 1616 xxt,
419 1529 461 1602 ab
477 1528 535 1603 illo
551 1529 666 1603 Martii
685 1529 738 1602 dic
754 1531 920 1604 numerari
936 1529 977 1601 ad
995 1547 1034 1600 lv
1051 1525 1151 1611 Idus,
1171 1553 1230 1599 seu

164 1664 185 1715 x
201 1642 395 1730 Decembris
413 1643 510 1718 diem.
528 1644 657 1718 Deinde
672 1672 786 1719 versus
800 1671 841 1718 cx
852 1645 954 1717 Trist.
969 1641 1029 1716 lib.
1046 1644 1080 1729 l,
1094 1638 1147 1713 El.
1168 1658 1228 1724 tv,

165 1757 308 1857 Tritgitur
327 1757 453 1832 Oceano
469 1774 568 1834 custos
583 1778 644 1834 etc.
667 1758 757 1859 (vid.
776 1789 850 1860 sup.
868 1788 901 1832 n.
921 1761 968 1852 2)
992 1754 1124 1831 minime
1146 1784 1229 1857 pro·

161 1872 239 1960 bat,
260 1873 417 1948 Ovidium
429 1894 468 1947 tv
480 1874 561 1948 idus
572 1876 765 1949 Decembris
776 1878 882 1949 Roma
894 1873 1229 1957 discessissebucto

161 1986 257 2060 ritate
272 1990 404 2088 quidem
422 1990 524 2064 Cluui
537 2021 573 2064 ac
586 1990 832 2092 Borgoeisultus
843 1990 884 2067 ud
899 2017 975 2063 eum
990 1987 1105 2063 locum
1115 2002 1228 2072 notet,

161 2107 340 2180 Arcturum
371 2137 409 2182 eo
433 2107 485 2179 die
507 2109 660 2183 chronice
675 2108 842 2181 occidisse.
865 2108 989 2179 Verum
1007 2124 1046 2181 ut
1065 2105 1138 2180 baec
1151 2128 1229 2181 oon-

161 2217 338 2308 vellantnr,
362 2239 482 2322 preter
497 2249 532 2296 ea
554 2221 706 2323 superius
723 2219 784 2291 hac
805 2219 845 2290 de
862 2247 896 2292 re
918 2218 1020 2324 nobis
1036 2219 1227 2306 observatu,

162 2333 349 2411 addendum
366 2335 457 2437 qnod
481 2337 620 2437 ipsemet
642 2331 798 2435 Ciulanus
825 2332 997 2431 subjungit
1020 2362 1028 2404 :
1061 2331 1229 2406 «Plinius

166 2484 184 2517 u
203 2468 312 2529 tamen
322 2510 333 2542 ‚
343 2451 403 2527 lib.
418 2454 551 2540 xvttl,
566 2479 635 2551 cap.
649 2448 707 2536 31,
721 2468 759 2522 tv
771 2453 884 2523 Nonas
893 2445 1096 2527 Novembris
1106 2451 1230 2523 Arctu-

165 2598 184 2628 »
202 2592 277 2639 rum
291 2548 418 2668 vesperi
437 2565 582 2666 occidere
598 2561 723 2637 scribit.
740 2597 757 2627 u

211 2682 252 2752 V.
263 2674 350 2756 'Jam
370 2682 501 2756 demum
516 2706 579 2755 nos
594 2679 635 2753 ud
650 2678 754 2752 aaut&
768 2677 926 2754 Ouidiani
948 2703 1072 2749 causum
1090 2705 1232 2754 conver-

164 2808 283 2869 tamus.
304 2798 479 2901 Duplicem
494 2798 565 2898 ipse
579 2814 676 2898 poeta
698 2797 820 2899 passim
844 2795 996 2869 indicat:
1021 2794 1175 2886 alteram,
1193 2825 1233 2871 ex

163 2908 247 2980 Arte
270 2915 436 2986 Amuton'o
457 2913 658 3000 desumtam,
677 2931 789 3015 aperte
805 2909 973 2986 declarat:
996 2909 1135 2985 alteram
1152 2941 1231 2986 vero

163 3023 288 3117 aperire
296 3027 428 3122 refugit.
448 3024 543 3103 illam
557 3029 697 3130 sepius,
713 3058 749 3103 ac
759 3025 937 3131 prasertim
952 3043 1026 3102 toto
1040 3026 1108 3101 lere
1122 3026 1228 3115 'lfrist

163 3132 220 3207 lib.
246 3143 302 3231 lt,
327 3144 370 3218 ad
392 3148 582 3243 Angustum
611 3144 841 3249 apologetico,
875 3143 1040 3218 vindicare
1065 3161 1231 3220 conatur:

164 3246 248 3322 banc
264 3280 341 3329 uero
359 3256 436 3332 licet
451 3260 622 3341 nominare
643 3286 712 3333 nun
736 3287 836 3332 ausus
862 3258 923 3344 sit,
940 3260 1050 3332 ermn‘s
1069 3270 1076 3299 ¹
1101 3277 1233 3336 tantum

167 3361 264 3438 titulo
281 3369 349 3442 suis
368 3373 511 3475 imputat
526 3374 735 3463 oculis‚.non
751 3375 873 3458 sceleti,
893 3373 986 3472 quod
1004 3392 1199 3451 constanter
1214 3406 1235 3454 a

165 3507 200 3552 se
215 3504 369 3556 removet.
389 3489 477 3562 Hinc
492 3491 579 3567 band
597 3490 737 3576 mirum
752 3489 780 3563 si
797 3489 891 3565 varie
901 3486 1027 3580 ¹fuerint
1039 3489 1080 3561 de
1097 3489 1165 3563 boc
1181 3522 1235 3567 er-

164 3621 231 3666 rore
245 3596 457 3693 conjecture,
482 3605 657 3683 silentibus
679 3607 776 3681 etiam
792 3605 958 3680 historicis
980 3606 1234 3707 antiquioribus

162 3736 250 3782 nunc
264 3716 507 3809 superstitibus.
538 3722 754 3823 sequioribus
768 3721 901 3822 quidem
923 3720 1041 3796 seculis
1058 3723 1235 3801 existima-

162 3838 259 3907 runt,
277 3825 436 3897 Nostrum
452 3830 579 3905 Tomos
595 3835 754 3921 missum,
773 3834 863 3935 quod

163 3991 211 4136 pa'g
221 3990 279 4045 Hac
289 3994 322 4142 δῖ
336 4015 397 4050 voce
409 3997 467 4051 vide
480 4000 565 4057 Henr.
579 4003 705 4074 Stepbam
719 4005 872 4061 Commeat.
885 4005 918 4062 de
931 4007 1030 4064 Gener.
1043 4008 1128 4081 Epist.
1142 4011 1232 4066 Cicer.

214 4093 269 4125 .m.
286 4097 294 4127 t
317 4100 338 4129 ι.
