2768 4694
480 338 576 406 PER
600 343 633 407 J.
661 339 886 408 MASSON.
1148 347 1208 408 115

318 481 399 534 Arma
411 478 460 533 riri
473 480 549 535 fortis
560 480 661 534 medios
672 481 811 533 mittantur
822 482 850 534 in
862 480 969 547 hostes,

319 572 383 627 lude
392 573 483 642 jubete
495 572 549 642 peti
562 576 587 625 ¹:

155 726 172 763 a
193 712 228 770 et
244 691 341 768 alium
356 720 393 766 er
411 689 561 766 suasoria
576 719 731 774 sensum,
756 719 883 790 quema
897 689 1033 764 [aaron
1044 707 1213 766 mutuatus

155 844 174 876 >a
193 827 251 884 est.
265 806 403 883 Memini
418 806 586 881 latronem
599 806 634 878 in
644 806 835 906 praefatione
846 806 984 906 quadam
996 807 1112 895 dicere,
1125 809 1215 907 quod

156 962 175 994 a
195 925 382 1003 scholastici
400 921 495 1024 quasi
510 951 641 995 cumen
662 921 844 995 didicerant
863 953 871 995 ε
891 951 959 995 non
975 922 1083 1010 rides,
1101 940 1142 997 ut
1155 925 1215 998 itu·

154 1079 172 1110 a
193 1062 283 1119 mota
295 1043 349 1115 sax
364 1056 510 1140 torpmt,
526 1055 558 1110 et
570 1038 732 1132 exagitata
746 1037 858 1111 reddat
873 1038 988 1130 ignes?
1004 1035 1111 1112 mollit
1127 1039 1215 1113 viros

154 1196 175 1231 a
195 1162 324 1245 otium,
340 1158 464 1230 lerrutu
482 1157 545 1228 situ
564 1157 709 1254 carpitur
723 1173 755 1228 et
771 1155 957 1249 rubiginem
971 1155 1078 1244 ducit,
1094 1155 1215 1230 desidia

157 1311 177 1344 a
196 1276 346 1351 dedocet
364 1270 549 1346 Nasounia
564 1301 572 1341 :

326 1436 388 1492 Vidi
399 1455 448 1508 ego
459 1438 562 1506 jactatas
572 1447 643 1488 mota
656 1436 709 1490 sace
722 1457 837 1491 creseere
850 1438 969 1493 flammas
980 1460 986 1494 :

353 1528 503 1597 Etr-tarsus,
515 1527 590 1581 nullo
600 1529 781 1594 concutiente,
796 1531 894 1582 mori.²

161 1709 180 1742 a
198 1676 292 1749 Tunc
307 1691 414 1747 autem
433 1699 536 1772 quum
553 1669 718 1756 studeret,
734 1671 920 1745 habebatur
930 1674 1042 1750 bonus
1060 1677 1217 1752 declama-

160 1823 179 1856 »
198 1807 261 1863 tor.
289 1788 383 1860 llanc
406 1802 495 1858 certe
518 1785 774 1858 controversiam
802 1805 876 1861 ante
898 1789 1056 1863 Arellium
1083 1791 1220 1867 Fuscum

162 1939 180 1971 n
198 1902 409 1989 declamavit,
425 1899 552 1973 utmihi
562 1899 735 1973 videbatur
746 1898 842 1998 longe
852 1903 1069 1997 ingeniosius;
1085 1926 1221 2009 excepto

163 2056 181 2087 a
201 2050 260 2106 eo,
280 2017 371 2120 quod
387 2017 459 2091 sine
476 2033 564 2090 certo
584 2015 700 2088 ordine
717 2044 777 2115 per
792 2015 884 2091 locos
902 2018 1111 2111 discurreret,
1129 2041 1190 2097 etc.
1210 2023 1220 2062 ³

163 2175 180 2206 a
198 2137 412 2215 Declamabat
426 2144 535 2208 autem
547 2135 637 2208 Naso
652 2160 726 2206 raro
739 2134 997 2222 controversias,
1016 2137 1071 2210 sed
1090 2140 1224 2215 nonnisi

163 2258 323 2333 »ethicas
349 2285 356 2326 :
378 2249 539 2324 libentius
557 2249 686 2322 dicebat
700 2250 864 2324 suasorias
891 2283 899 2323 τ
923 2251 1060 2328 molesta
1084 2254 1132 2329 illi
1154 2277 1224 2332 erat

164 2408 180 2439 »
200 2373 306 2446 omnis
325 2367 582 2462 argumentatio,
601 2383 659 2437 etc.
679 2400 696 2428 »

209 2485 263 2559 llli
276 2503 385 2558 autem
400 2483 466 2555 duo
481 2480 649 2569 rhetores,
668 2507 753 2581 quos
770 2480 911 2556 Ovidius
927 2501 1069 2558 sectatus
1086 2503 1153 2573 est,
1172 2485 1223 2559 bis

166 2601 367 2704 temporibus
382 2600 497 2672 Romae
511 2595 641 2670 luerunt
657 2595 869 2670 celeberrimi.
886 2599 937 2670 Μ.
959 2599 1089 2671 Porcius
1105 2599 1220 2686 Lutto,

165 2741 362 2815 magnopere
376 2711 528 2787 laudatur
543 2712 584 2785 ab
602 2712 716 2786 eodem
735 2712 875 2798 Seneca,
894 2712 952 2811 qui
969 2711 1039 2810 ejus
1057 2712 1226 2787 carissimus

164 2831 274 2905 fuerat
287 2828 409 2913 sodalis,
420 2845 448 2901 et
459 2829 591 2929 uprtiuu
601 2829 736 2928 puetittiz
748 2855 839 2927 usque
847 2826 893 2899 ud
900 2827 1036 2900 ultimum
1050 2830 1115 2930 ejus
1126 2829 1220 2916 datm,

152 2949 338 3048 sumrlbrem
361 2948 519 3021 amicitiam
543 2945 691 3020 coluerat
707 2942 731 3017 ⁴.
754 2979 770 3009 «
791 2943 900 3033 Nihil,
920 2946 1050 3046 inquit,
1076 2946 1135 3020 illo
1152 2948 1222 3023 viro

168 3101 184 3132 a
203 3067 342 3164 grauiam,
352 3063 438 3139 nibil
449 3066 591 3150 suavius,
601 3056 687 3133 nibil
698 3058 883 3162 eloquentia
900 3091 959 3136 sua
968 3062 1116 3159 dignius,
1130 3084 1191 3142 etc.
1203 3102 1220 3134 »

195 3262 204 3292 ¹
222 3257 404 3327 Reperiuntur
416 3255 528 3309 Metam.
538 3252 582 3305 lib.
596 3250 755 3318 x111,ven.
771 3272 813 3306 rar
828 3271 882 3321 sqq.

195 3345 208 3374 ²
224 3342 307 3395 lidem
320 3343 413 3394 Amor.
421 3337 465 3393 lib.
476 3339 506 3405 l,
523 3335 596 3404 Eleg.
606 3350 643 3400 11,
656 3354 722 3387 vers.
736 3354 763 3387 u
777 3345 804 3388 et
818 3355 863 3402 aa,
877 3335 927 3390 nisi
940 3333 1010 3405 quod
1022 3357 1050 3392 ta
1060 3378 1068 3403 ,
1080 3339 1226 3394 sicbabea-

166 3438 207 3481 tur
216 3447 222 3479 z
232 3450 245 3473 e
257 3427 293 3480 Et
302 3425 371 3491 vidi,
385 3423 456 3478 nullo
467 3420 649 3484 concutiente,
664 3419 740 3471 mori.
755 3441 769 3465 »
782 3419 835 3472 Sed
851 3419 892 3472 alii
909 3421 978 3474 forte
988 3434 1050 3476 sunt
1061 3422 1104 3476 hic
1120 3426 1226 3493 omissi,

165 3510 260 3578 quibus¹
274 3510 352 3580 totius
373 3506 514 3577 superioris
534 3502 670 3556 sententiae
690 3502 801 3556 imitatio
820 3502 906 3557 luerat
919 3503 1138 3573 demonstranda;
1157 3509 1226 3576 iique

167 3591 286 3644 videntur
297 3610 350 3645 esse
360 3629 368 3657 ,
380 3609 444 3659 quos
454 3590 509 3657 jam
523 3586 591 3640 And.
613 3586 736 3640 Schottus
755 3586 894 3652 indicavit,
915 3588 966 3643 scil.
985 3589 1016 3645 de
1036 3593 1114 3647 Pont.
1133 3592 1176 3646 lib.
1194 3592 1225 3659 l,

169 3675 250 3743 Epist.
257 3692 284 3742 a,
292 3695 356 3728 vers.
367 3679 381 3728 5
391 3692 419 3727 s«
431 3671 542 3738 Cernis,
551 3680 581 3724 ut
589 3671 712 3741 ignavum
720 3682 889 3741 corrumpant
899 3673 951 3727 otia
961 3694 1066 3744 corpus,
1076 3686 1124 3730 etc
1133 3697 1146 3722 a
1156 3675 1224 3729 Vide

170 3756 281 3811 Remed.
292 3759 318 3821 l,
330 3776 395 3810 vers.
409 3759 468 3828 ¹³9³
480 3756 558 3810 Trist.
567 3755 609 3808 lib.
616 3756 653 3821 V,
668 3754 740 3824 Eleg.
750 3771 791 3808 ιιι
799 3796 806 3818 ,
815 3775 879 3809 vers.
888 3776 916 3809 ar
930 3775 959 3809 z«
970 3757 1061 3825 Adde,
1073 3754 1143 3825 quod
1155 3757 1225 3826 inge·

168 3844 245 3898 nium
255 3841 330 3910 longa
343 3842 459 3912 rubigine
471 3840 559 3896 laesum
571 3842 688 3910 Torpet,
698 3851 746 3894 etc.
756 3863 770 3886 π

202 3928 214 3961 ³
233 3922 363 3995 Quadam
370 3937 456 3994 postea
465 3926 564 3980 Seneca
575 3923 676 3995 profert
688 3944 719 3976 ex
728 3923 771 3978 itta
783 3923 892 3980 Nasonis
905 3919 1114 3981 declamationes
1128 3942 1222 3978 seer·-

165 4023 268 4084 oerpta,
282 4026 341 4078 qut
350 4007 447 4063 videsis.
556 4057 559 4063 .

196 4098 209 4132 ⁴
227 4093 357 4148 Contror.
369 4086 451 4156 titel,
465 4087 544 4142 Prel.
