2768 4694
214 383 257 466 aa
505 385 544 447 ν.
572 382 748 450 ov1o11
774 383 1000 454 nasonis

263 524 362 596 Parte
377 538 492 623 potes,
509 520 642 621 Tydeus
658 523 814 622 temporis
830 523 929 624 hujus
949 527 1023 599 eris.

215 644 326 742 Atque
343 637 467 739 aliquid
485 636 602 723 facias,
620 665 637 710 a
655 666 788 738 vespere
805 668 920 714 mrsns
935 640 976 714 ad
992 658 1084 716 ortus

263 757 333 829 Cur
349 752 525 828 exsternati
542 751 630 827 Solia
646 771 786 848 agantur
803 754 890 855 equi.

213 872 314 947 Foeda
329 871 501 972 Lycaoniae
518 887 645 971 repetes
661 869 809 944 convivia
824 899 961 961 mensa,

262 986 484 1086 Tentahisque
500 984 568 1058 cibi
580 983 692 1060 fallere
707 986 822 1062 fiaude
837 989 859 1060 J
861 1015 954 1062 ovem
967 1018 975 1060 ε

212 1105 326 1202 Teque
345 1099 465 1201 aliquis
480 1100 592 1200 posito
611 1116 715 1174 tentet
730 1100 796 1175 vim
811 1103 955 1177 numinis
971 1119 1052 1202 opto
1066 1132 1075 1190 ;

261 1215 450 1291 Tantalides
467 1231 503 1287 tu
520 1216 586 1300 sis,
605 1215 826 1315 Tereidesque
841 1245 933 1318 puer.

213 1337 258 1408 Et
273 1353 329 1407 tua
343 1331 389 1403 sic
407 1330 492 1402 latos
509 1347 708 1428 spargantur
724 1328 871 1402 membra
888 1361 947 1431 per
961 1362 1077 1429 agros,

261 1450 433 1545 Tanquam
452 1471 524 1543 quae
540 1442 664 1544 patrias
681 1441 850 1516 detinuere
867 1446 944 1518 vias.

213 1565 291 1639 AEre
308 1558 451 1633 Perilleo
467 1587 563 1632 veros
579 1557 705 1632 imitere
720 1559 899 1658 juvencos,

261 1678 315 1754 Ad
331 1676 468 1751 formam
484 1676 568 1750 tauri
586 1676 800 1749 conveniente
817 1705 924 1750 sono:

211 1800 297 1872 Utve
312 1795 405 1868 ferox
420 1790 588 1878 Phalaris,
605 1789 718 1886 lingua
734 1792 828 1892 prius
845 1820 923 1867 ense
939 1812 1082 1881 resecta,

262 1913 359 1984 More
376 1906 493 1992 bovis,
511 1904 638 2004 Paphio
653 1904 783 1980 clausus
801 1906 835 1979 in
852 1934 912 1979 aere
928 1935 1048 2002 gemas.

214 2019 370 2124 Dumque
386 2020 492 2096 redire
508 2017 599 2095 voles
614 2021 672 2094 aeri
689 2018 835 2095 melioris
852 2022 886 2094 in
902 2051 1027 2111 annos,

264 2142 312 2213 Ut
327 2159 420 2213 vetus
436 2136 568 2211 Admeti
585 2136 748 2237 decipiare
764 2165 867 2211 socer.

215 2260 327 2358 Atque
346 2283 445 2356 eques
462 2255 498 2327 in
516 2255 614 2328 medii
631 2279 777 2350 mergare
795 2256 950 2352 voragine
968 2258 1070 2344 coeni,

264 2367 454 2445 Dummodo
473 2368 539 2442 sint
555 2367 614 2464 fati
630 2368 764 2441 nomina
780 2367 872 2443 nulla
886 2369 945 2443 tui.

217 2491 327 2589 Atque
340 2486 467 2558 utinam
485 2510 617 2584 pereas,
636 2482 737 2556 veluti
755 2484 795 2556 de
813 2485 969 2558 dentibus
985 2487 1049 2558 orti

266 2601 401 2676 Sidonia
413 2601 508 2699 jactis
528 2599 626 2672 Graia
645 2626 704 2697 per
718 2628 793 2673 arua
810 2629 916 2674 manu.

217 2817 267 2867 que
286 2795 347 2858 alii3
367 2813 435 2847 unus
450 2791 593 2846 Vaticanus
614 2795 721 2844 washun
770 2791 854 2844 filium
867 2791 947 2844 Terei
961 2790 1094 2863 designat,
1113 2794 1179 2862 patri
1193 2795 1275 2863 adpo-

217 2875 286 2943 Iaege
297 2876 403 2925 evenient.
416 2871 515 2923 Hunos.
770 2871 857 2924 situm.
865 2899 898 2910 -
910 2873 1086 2939 Threiciosqae
1103 2893 1170 2942 puer.
1194 2877 1277 2926 Terei-

250 2950 476 3018 431.Auta!131w'd.
487 2945 595 3001 adludit
605 2945 637 2998 ad
647 2945 723 2999 labu-
770 2967 816 3016 que
828 2947 903 3000 multi
921 2959 1028 3003 veteres.
1041 2948 1210 3001 Constantius
1227 2950 1276 3001 Te-

217 3031 269 3087 lam
287 3027 409 3098 Thyeste
426 3035 453 3077 et
470 3025 563 3090 Atrei,
580 3043 595 3075 a
610 3043 722 3092 qnorum
770 3044 825 3077 reos
844 3033 925 3091 atque.
945 3027 1014 3096 Lege
1038 3029 1196 3094 Tereidesqrae
1213 3046 1274 3079 cum

216 3124 306 3159 mensa
316 3103 362 3157 Sol
369 3101 463 3156 dieitur
472 3102 592 3155 avertisse
601 3120 723 3166 rutrum
772 3103 922 3158 Petaviano.
935 3106 1035 3159 Herus.

216 3183 275 3236 vido
292 3181 390 3253 Hygin.
406 3179 468 3232 Fab.
487 3180 539 3245 68,
557 3190 584 3232 et
602 3179 723 3248 Tragoed.
803 3185 859 3248 445.
866 3182 1199 3250 AtqueequesDehiscente
1206 3194 1274 3237 terra

216 3261 325 3315 Senecoe
337 3258 445 3328 Thyest.
769 3259 798 3310 in
813 3260 895 3325 urbe,
916 3261 1044 3328 aruspices
1064 3260 1273 3328 responderunt,

247 3340 304 3405 434.
321 3340 488 3404 remotisque
498 3338 655 3405 cr'be‘srarde.
662 3340 723 3391 Als'-
771 3335 949 3390 Postulionem
960 3339 1078 3390 manium
1089 3337 1177 3389 Deum
1190 3354 1274 3404 posce·

215 3414 364 3485 quasraude
375 3413 460 3465 Juret.
474 3423 501 3465 et
513 3423 564 3466 tres
576 3415 634 3478 atii,
651 3414 721 3468 sorte
769 3432 798 3466 re
812 3414 897 3466 virum
909 3414 1099 3468 fortissimum:
1111 3414 1155 3482 qui
1166 3414 1214 3466 nisi
1227 3414 1273 3467 da-

215 3496 290 3559 dapis
296 3492 411 3559 fraudu
429 3509 587 3559 quamquam
607 3492 677 3545 hunc
695 3505 722 3546 et
769 3502 863 3556 retur,
890 3492 1028 3544 interitum
1045 3493 1103 3545 urbi
1125 3491 1272 3546 imminere.

216 3569 365 3640 proximum
374 3585 477 3619 versum
489 3577 619 3636 suspectos
631 3567 722 3621 habeo.
771 3566 880 3620 Curtius
892 3569 1014 3621 inventus
1025 3579 1080 3633 est,
1099 3569 1142 3636 qui
1160 3581 1273 3624 armatus

243 3644 301 3712 436.
311 3646 463 3696 Tantalides.
471 3643 576 3711 Pelops,
585 3641 722 3697 filiusTan·
768 3662 830 3696 eum
853 3644 879 3696 in
902 3646 986 3699 locum
1005 3665 1032 3698 se
1051 3645 1152 3713 dejecit.
1170 3648 1272 3701 Nomen

217 3722 277 3786 tali,
292 3719 443 3773 numinibus
458 3718 568 3788 hospitio
584 3722 719 3790 susceptis,
769 3720 924 3787 detumest,
938 3733 968 3775 ut
984 3725 1083 3775 Curtiis
1098 3727 1170 3776 lacus
1185 3724 1274 3795 adpel-

215 3811 313 3869 apatre
325 3797 455 3868 adpositus
463 3807 517 3863 est,
527 3799 676 3865 experiente
686 3819 731 3850 an·
768 3798 866 3852 leretur
879 3821 885 3862 ;
908 3799 965 3852 vide
979 3799 1035 3852 Val.
1053 3801 1161 3854 Maxim.
1177 3801 1221 3856 lib.
1236 3803 1271 3862 V,

214 3878 259 3931 Dii
277 3887 370 3932 esseut.
389 3873 491 3943 Reliqui
513 3877 718 3929 abstinuerunt:
766 3895 821 3943 cap.
836 3883 857 3929 5.
871 3876 947 3929 Dour.

216 3954 277 4007 Una
291 3956 372 4008 Ceres
392 3953 533 4005 humerum
553 3954 717 4021 absumpsit,
801 3955 1228 4019 atonescam:Fanduoveteres.
1236 3957 1271 4008 H.

214 4049 292 4099 quem
305 4046 392 4103 postea
401 4030 515 4084 reddidit
523 4032 671 4085 eburneum
680 4032 719 4084 di·
800 4034 1068 4109 448.di'aouia)'arc!1's.
1080 4040 1181 4104 Sparsis
1196 4036 1272 4090 multi

211 4109 312 4162 vinitas.
323 4138 355 4152 ·-
373 4112 411 4163 Tu
425 4110 563 4175 Tereusque
572 4128 641 4177 puer.
657 4111 719 4179 Ityn
767 4119 884 4174 veterem
898 4112 980 4164 nostri
987 4115 1079 4180 jactas.
