2768 4694
490 104 586 173 PER
608 106 642 172 J.
668 106 889 176 Messott.
1153 115 1215 182 133

152 245 317 348 Adeoque
331 244 452 323 frustra
469 262 521 320 est
536 245 692 348 Lipsius,
719 247 777 349 qui
794 249 858 323 hoc
874 249 916 324 ad
941 250 1129 327 tribunatus
1143 254 1215 353 jura

153 362 273 452 refert,
286 364 378 466 quasi
389 362 468 440 inde
481 363 611 465 priores
624 393 662 439 cx
674 384 735 439 xlv
748 367 981 468 amphitheatri
991 369 1149 463 gradibus
1159 400 1217 471 pa-

156 477 300 554 tuissent
315 478 459 553 tribunis
466 533 481 565 ,.
495 478 588 578 qnod
595 479 660 578 jam
672 479 706 552 in
716 481 847 553 Horatii
859 481 934 555 Vita
945 490 953 520 ¹
966 482 1217 559 confutavimus.

207 596 268 669 Ill.
290 594 346 669 Ad
357 594 431 669 bec
447 621 580 695 quoque
602 611 749 695 tempora
774 594 894 668 referre
908 596 1054 696 juvenilia
1076 599 1219 673 Nasonis

157 710 287 785 mbo
303 708 399 798 licet,
417 737 457 783 ex
472 708 562 784 bisce
578 708 679 783 Trist.
698 709 755 782 lib.
775 713 835 798 lV,
854 709 945 805 Eleg.
966 732 1004 798 x,
1020 738 1067 785 vs.
1085 710 1219 786 5658:

349 877 474 945 Notaque
485 894 541 929 non
551 873 626 928 tarde
638 873 706 927 iacta
720 874 812 929 Tbalia
824 894 882 929 mea
896 887 942 930 est

325 968 447 1021 Cer-h
458 983 539 1035 quum
549 965 663 1035 primum
675 964 771 1034 populo
776 967 903 1032 lbreuilr’a
911 966 978 1036 legi,

360 1054 449 1109 barba
458 1064 553 1109 resecta
564 1053 627 1109 mibi
643 1055 713 1108 bisve
725 1054 838 1109 semelve
849 1056 908 1110 suit

160 1191 310 1265 Barbam
328 1189 457 1291 quidem
472 1191 610 1266 Romani
628 1192 795 1290 ponebant
811 1191 930 1276 serius,
948 1191 1139 1278 cirino-set
1152 1191 1221 1294 ple-

162 1336 305 1408 rumque
312 1307 376 1381 sub
387 1335 505 1383 annum
519 1307 624 1382 etatis
638 1326 729 1391 xxt13
742 1306 857 1405 Lipsio
870 1317 882 1344 ²
894 1304 1044 1406 placebat
1056 1327 1130 1381 xxl.
1142 1309 1228 1381 Mo·-

163 1422 282 1496 crebius
292 1436 389 1508 certe,
403 1422 470 1511 ait,
486 1421 635 1496 ιἰιὸοιηη.
648 1419 797 1520 Sciniomi
810 1438 860 1494 ter
872 1422 1093 1521 septenarium
1106 1452 1222 1498 nume·

161 1562 234 1609 rum
258 1533 382 1636 requiri
407 1535 450 1611 ad
472 1533 651 1610 radendam
675 1532 811 1607 barbam
835 1532 1014 1634 adfirmavit.
1043 1536 1094 1609 ΕΙ.
1125 1537 1222 1610 etiam

163 1651 358 1733 Dodveltus
375 1650 404 1742 ³,
420 1669 460 1727 ut
481 1652 602 1753 probet
617 1652 774 1740 barbam,
792 1678 879 1725 anuo
895 1653 999 1725 aetatis
1018 1673 1099 1740 xxt,
1115 1682 1223 1728 msam

164 1770 280 1862 fuisse,
294 1770 338 1844 ad
353 1771 441 1845 idem
459 1769 621 1845 Macrobii
641 1797 747 1870 opus,
767 1766 860 1856 nullo
878 1768 964 1843 libro
981 1770 1125 1871 capiteve
1140 1801 1221 1872 pro-

166 1883 249 1975 iato,
275 1914 339 1959 nos
360 1884 522 1959 amandat.
551 1886 598 1957 At
620 1912 724 1985 quum
747 1900 852 1957 totum
875 1883 1095 1984 pervolverem
1117 1915 1222 1988 opus,

165 2001 230 2076 bec
245 2001 347 2078 modo
360 2016 610 2089 succurrerunt,
619 1997 677 2073 lib.
690 2001 721 2086 l,
736 2027 804 2099 cap.
818 1997 859 2084 6,
873 1998 969 2072 rerba
984 2029 991 2070 :
1006 1999 1085 2073 Post
1098 2015 1143 2074 ter
1152 2030 1220 2100 sep·

165 2131 246 2191 uros
267 2146 362 2191 uanos
373 2114 460 2218 flore
476 2142 572 2214 genos
592 2115 830 2206 nobilitemur.
860 2112 965 2188 Citius
984 2133 1090 2188 tamen
1107 2115 1220 2189 valide

168 2231 261 2323 signa
274 2231 412 2329 juventae
429 2229 523 2325 genis
539 2227 722 2329 irrepsisse,
737 2244 877 2301 testatur
890 2245 1002 2299 auctor
1016 2228 1168 2301 carminis
1180 2228 1222 2300 ad

169 2343 340 2433 Pisonem,
358 2373 495 2419 canens:

334 2500 461 2567 Quamvis
472 2520 544 2555 nuuc
554 2502 667 2569 juvenile
681 2502 760 2556 decus
773 2501 837 2554 mihi
850 2500 957 2570 pingere
970 2497 1050 2552 malas

338 2586 465 2659 Ceperit,
477 2600 504 2644 et
515 2593 634 2645 nondum
647 2595 762 2644 or'cesr'rna
774 2591 876 2644 venerit
886 2601 970 2642 estas.

172 2714 295 2799 Melius
312 2742 386 2788 vero
405 2712 456 2789 CI.
473 2716 591 2812 Papius
602 2694 621 2760 ¹⁴
637 2714 729 2786 haud
743 2716 790 2789 ita
805 2717 933 2815 pridem
946 2732 1060 2789 contra
1074 2717 1223 2818 Lipsium

173 2831 357 2920 contendit,
373 2832 510 2907 barbam
526 2832 566 2906 de
584 2856 676 2904 more
691 2856 777 2902 anno
794 2832 896 2904 etatis
916 2848 991 2903 tttttt
1007 2829 1160 2906 inchoato
1173 2863 1224 2908 ra-

174 2979 236 3026 sam
245 2978 327 3026 esse.
340 2952 379 3023 ln
388 2947 537 3049 exemplo
550 2965 659 3020 tamen
676 2943 749 3019 Cart·
758 2943 931 3020 difficultas
945 2943 1052 3018 adbuc
1064 2967 1222 3047 superest.

174 3067 205 3140 si
220 3066 371 3142 Suetonii
387 3064 499 3139 verbis
514 3062 754 3146 adhaereamus,
774 3061 873 3134 Caius
885 3060 1025 3133 vicesimo
1037 3062 1135 3135 atatrlr
1146 3090 1226 3136 oeno

171 3181 277 3254 scotus
293 3179 463 3278 Εαρνιωα
480 3175 625 3259 Tiberio,
650 3201 711 3248 uno
729 3172 890 3272 eodemque
907 3172 957 3247 die
978 3190 1078 3275 togato
1097 3178 1222 3259 rumsr't,

171 3294 347 3394 humorque
353 3289 467 3394 posuit.
482 3294 529 3364 Ar
543 3288 632 3362 hunc
645 3287 753 3362 locum
769 3287 816 3363 ita
830 3288 952 3385 Pagius
965 3290 1116 3392 exponit,
1130 3307 1168 3364 ut
1180 3288 1228 3361 si-

173 3405 320 3502 gnificet,
336 3408 455 3482 Caium
471 3426 520 3480 xx
535 3405 638 3479 etatis
656 3431 743 3477 anno
761 3402 901 3502 Capreas
917 3404 1063 3491 venisse,
1079 3404 1142 3478 hoc
1159 3417 1228 3489 est,

204 3607 213 3636 ¹
232 3602 297 3670 Peg.
311 3600 432 3655 tib-iub.

204 3687 217 3719 ²
234 3683 343 3737 Excurs.
353 3682 385 3736 B.
395 3681 426 3734 iu
435 3681 514 3737 'tunic
527 3683 597 3737 buu
608 3681 686 3738 xlv.

204 3767 332 3821 3ΛῐιιιιΙ.
345 3764 461 3836 Quintil.
470 3786 495 3836 p.
511 3786 549 3840 79.
763 3764 771 3773 “

204 3855 215 3892 ⁸
232 3853 325 3908 Critic.
338 3850 366 3905 in
380 3847 582 3905 Anneium.
591 3850 622 3905 ed
634 3869 676 3904 en.
687 3848 720 3904 C.
733 3866 795 3914 uve,
810 3867 836 3902 n.
848 3871 871 3902 a.
922 3915 929 3931 ι
