2768 4694
156 317 201 383 56
543 313 834 382 EXCURSUS

155 457 201 528 Et
216 455 302 528 ista:

352 595 409 648 Ana
419 594 462 664 pia
474 603 501 647 te
512 612 580 647 tero
590 593 693 647 ditator
704 593 837 659 adultera,
851 592 917 645 sicne

389 684 452 753 Qua
465 683 558 737 cecidit
572 685 678 738 lam
692 683 809 749 vindice,
821 682 889 736 dicta
901 679 944 750 pia
954 691 1002 733 ert.

155 802 240 873 Item
258 797 313 872 illa
333 828 342 871 :

357 944 482 998 AEahalon
494 944 587 996 nemra
597 942 939 1012 spoliautlfflimbospa,

388 1037 479 1105 Quem
492 1055 597 1090 memor
606 1055 622 1088 a
632 1035 710 1088 saeris
722 1053 795 1087 nune
806 1053 911 1103 quoque
924 1031 996 1100 pellit
1011 1031 1050 1083 lo.

351 1128 444 1196 thue
454 1127 640 1181 Melantbeum
653 1125 768 1178 tenebris
779 1145 793 1176 a
803 1124 873 1178 rade
885 1124 1013 1176 latentem

393 1217 515 1272 Prodidit
526 1217 617 1270 ollicio
629 1216 735 1268 luminis
747 1216 801 1285 ipsa
811 1234 914 1286 parens

158 1365 206 1435 Et
222 1360 362 1445 similia,
386 1387 529 1458 qnorum
559 1359 789 1459 interpretatio
814 1357 953 1457 petenda
981 1372 1070 1430 esset
1092 1355 1136 1427 ab
1159 1353 1226 1428 illis

160 1477 401 1576 scriptoribus,
417 1475 492 1574 qni,
511 1477 670 1576 temporis
686 1476 805 1573 injuria
817 1473 948 1558 amissi,
965 1471 1058 1542 triste
1075 1471 1177 1544 nobis
1193 1487 1225 1543 et

160 1591 315 1664 acerbum
325 1589 376 1663 sui
387 1590 584 1664 desiderium
595 1590 799 1690 reliquerunt
813 1621 822 1662 ε
835 1589 890 1663 hic
900 1588 988 1660 enim
1001 1585 1123 1660 sabula
1136 1617 1228 1686 quae·

161 1708 234 1780 dam
251 1708 319 1780 sive
343 1707 490 1780 historiae
516 1723 715 1801 tanguntur,
741 1734 880 1807 qnamm
903 1703 991 1804 apud
1009 1731 1113 1776 nuum
1136 1702 1227 1776 dun·

163 1840 251 1895 taxat
272 1840 440 1895 auctorem
460 1822 584 1895 mentio
602 1841 670 1906 est,
691 1849 789 1919 quem
804 1819 834 1890 si
853 1817 937 1891 lorte
955 1816 1130 1891 desiderari
1146 1846 1225 1891 eon·

161 1940 308 2033 tigisset‚
327 1939 364 2012 de
384 1967 494 2010 earnm
513 1937 716 2010 enarratione
732 1931 850 2034 procul
871 1931 973 2006 dubio
1001 1950 1109 2006 aetum
1127 1950 1223 2006 esset.

161 2053 326 2124 Nimirum
343 2052 454 2125 Achai
474 2051 690 2152 supplicium,
703 2049 798 2146 cnjus
810 2048 960 2122 meminit
972 2047 1114 2122 Ovidius
1129 2076 1224 2121 versu

163 2166 257 2252 301,
275 2197 363 2241 unns
381 2166 541 2266 Polybius
559 2182 803 2238 commemorat
825 2165 959 2264 Pyrrhi,
978 2162 1118 2237 Achillis
1140 2163 1224 2248 filii,

162 2284 318 2384 reliquias
341 2313 402 2383 per
422 2283 603 2356 Ambraciae
628 2281 697 2353 n’as
715 2279 867 2377 disjectas
889 2311 983 2366 esse,
1011 2280 1144 2379 Hygino
1163 2279 1226 2353 soli

163 2429 238 2472 rum
253 2403 384 2472 Nasone
396 2400 557 2472 convenit
576 2399 626 2469 De
639 2395 908 2495 Eurydamantea
922 2396 1056 2469 Simone
1067 2380 1235 2470 Larissaco.

164 2514 248 2588 circa
265 2513 430 2613 Thrasylli
450 2512 612 2586 tumulum
635 2529 784 2609 raptato,
805 2530 922 2611 praeter
939 2512 1097 2585 Ovidium
1116 2531 1148 2586 et
1164 2515 1227 2585 Di·

163 2630 316 2730 dymum,
334 2630 468 2702 llomeri
481 2624 739 2701 Scholiaslenad
754 2626 847 2699 lliad.
874 2649 912 2713 x,
932 2655 1028 2700 nemo
1045 2628 1227 2728 quidquam

161 2746 328 2820 memoriae
340 2744 497 2844 prodidit„
506 2743 654 2812 Thasum
667 2742 763 2815 etiam
775 2770 793 2815 a
803 2744 940 2816 canibus
950 2743 1124 2817 laceratum
1139 2749 1226 2819 Naso

163 2861 323 2932 duntaxat
349 2877 383 2931 et
409 2857 562 2956 Hyginus
587 2853 779 2931 retulerunt.
819 2861 902 2931 ltem
929 2887 1058 2932 carmen
1083 2860 1150 2958 507
1181 2861 1225 2932 ab

163 2975 264 3048 unico
280 2973 432 3045 Diodoro
450 2970 650 3057 illustratur,
668 2991 755 3047 utet
772 3000 885 3045 versus
907 2972 971 3046 531
1001 2975 1044 3044 ab
1064 2976 1227 3074 epigram-

163 3104 249 3159 mate
264 3092 381 3179 aram,
401 3083 459 3155 lib.
477 3085 523 3154 lll
541 3083 768 3178 Antbologiae;
782 3102 821 3158 ut
833 3083 989 3156 credibile
1003 3084 1062 3168 sit,
1078 3086 1225 3184 quadam

162 3202 218 3276 bic
236 3232 307 3278 esse
323 3201 443 3288 obvia,
461 3226 535 3299 qna
550 3200 579 3273 si
595 3202 670 3300 quis
687 3201 766 3275 alibi
786 3228 929 3301 quaerere
945 3199 1046 3285 velit,
1069 3230 1223 3301 operam,

166 3318 293 3404 credo,
318 3344 448 3389 omnem
465 3313 589 3388 luserit
611 3316 667 3388 Sic
683 3317 771 3418 apud
789 3314 1064 3416 Lycophronem‚
1083 3319 1227 3393 bistoriae

166 3435 468 3532 quadamexsrant,
483 3459 565 3531 quas
573 3458 670 3503 nemo
680 3431 764 3504 alius
778 3431 907 3524 attigit,
922 3449 959 3504 ut
970 3433 1096 3533 Prylis‚
1109 3435 1226 3523 Mida

165 3565 200 3620 et
220 3546 380 3622 vocabula
402 3575 471 3620 nou
491 3574 615 3647 panca,
642 3546 764 3645 quibus
781 3565 899 3644 praeter
918 3575 992 3619 eum
1012 3549 1125 3624 nullus
1147 3583 1229 3630 usus

167 3679 238 3745 est,
266 3661 373 3762 qualia
404 3667 558 3761 pllap03,
588 3667 669 3754 >Apa
687 3717 697 3746 ‚
719 3665 812 3756 πέῥρα
823 3716 835 3745 ,
859 3668 976 3740 nselm-
1010 3663 1092 3758 Ejus
1120 3681 1228 3740 tamen

165 3769 385 3849 Alexandram
402 3828 412 3860 ,
440 3774 508 3845 sive
521 3772 774 3854 Cassandram,
802 3774 951 3869 quamvis
967 3775 1227 3863 tenebricosam,

166 3892 332 3977 poematio
357 3903 472 3960 nostro
497 3885 720 3958 obscuriorem
744 3911 814 3956 esse
837 3885 1005 3960 Domitius
1023 3918 1091 3962 non
1109 3919 1227 3966 conce-

164 3994 223 4066 dit
243 4002 299 4075 Sic
311 4003 399 4076 enim
410 3996 617 4098 peroratione
628 3999 946 4076 Commentariomm
956 4033 1090 4081 suorum
1105 4039 1113 4080 :
1131 4042 1147 4072 a
1161 4009 1226 4106 Ly-
