2768 4694
155 301 221 393 2915
485 288 889 360 oun1canrouns

154 439 362 520 ubertatem,
381 431 547 533 simulque
571 431 827 516 sententiarum,
851 428 1099 531 verborumque
1123 432 1222 527 gravi·

156 570 272 637 tatem,
288 549 343 622 vir
360 566 398 623 ut
414 545 498 621 alius
515 548 559 621 sit
584 547 672 649 apud
687 546 825 620 Latinos
842 563 957 648 poeta,
977 541 1036 647 qui
1054 543 1092 619 in
1108 547 1174 622 hac
1191 578 1221 624 re

157 668 222 771 ipsi
239 664 358 739 merito
373 663 519 764 praserri
538 663 656 764 possit,
676 660 770 759 Quid
789 661 894 735 dicam
908 661 950 734 de
967 661 1071 736 modo
1084 661 1146 737 illo
1164 664 1225 738 sin-

157 781 265 879 gulari
281 808 319 854 ac
337 807 444 881 prope
461 779 573 853 divino
595 777 810 852 connectendi
827 777 974 851 tabulam
991 806 1068 852 cnm
1089 777 1226 854 lahnla?

157 899 193 971 in
212 926 280 998 qno
299 896 345 969 ita
360 892 532 983 excelluit,
550 912 590 969 nt
613 893 697 969 nihil
716 893 945 980 artificiosius,
964 893 1050 971 nihil
1071 914 1228 999 prostan-

158 1013 246 1098 tius,
266 1010 350 1085 nihil
367 1009 511 1112 deniqne
528 1011 678 1085 ornatius
690 1027 747 1084 aut
760 1009 826 1083 dici
839 1028 896 1083 ant
910 1008 981 1083 fieri
995 1012 1126 1110 possit:
1141 1012 1228 1113 quod

158 1158 211 1205 res
228 1128 464 1203 diversissimas
482 1144 627 1202 tractans
648 1127 730 1201 adeo
755 1126 925 1223 ingeniose
954 1153 1009 1200 eas
1032 1131 1227 1216 connexuit,

158 1263 199 1320 ut
215 1274 281 1319 una
295 1244 429 1318 materia
442 1243 539 1345 plane
551 1244 709 1318 videatur.
727 1242 817 1317 Illud
830 1245 928 1318 etiam
940 1245 1078 1322 minime
1094 1249 1229 1324 reticen-

161 1362 240 1435 dum
255 1378 320 1449 est,
338 1359 461 1432 latinos
473 1357 553 1432 olim
569 1359 803 1461 scriptores'ad
816 1389 918 1434 unum
930 1360 1000 1436 fere
1014 1389 1121 1459 groco
1135 1394 1232 1471 opera

160 1474 198 1548 in
213 1474 353 1550 latinum
370 1475 505 1549 vertisse
523 1500 726 1561 sermonem,
743 1502 762 1546 a
781 1473 903 1574 quibus
921 1475 1040 1550 eximia
1060 1475 1232 1568 doctrina,

162 1607 263 1690 atquc
277 1586 421 1663 eruditio
437 1606 509 1663 orta
522 1605 573 1663 est
583 1589 1006 1689 prestantissimassontra
1021 1589 1146 1666 factum
1161 1620 1232 1668 esse

163 1736 182 1782 a
201 1706 350 1781 Maximo
361 1704 512 1781 Planude
526 1735 624 1782 nemo
638 1707 784 1802 ignorat,
799 1709 874 1807 qui,
894 1737 997 1809 quurn
1007 1708 1133 1809 optime
1151 1738 1232 1785 nos·

164 1840 215 1898 set
232 1852 368 1919 graecam
386 1822 533 1920 linguam
546 1852 664 1926 poema
677 1853 746 1899 non
762 1824 901 1911 habere,
919 1822 1011 1925 quod
1027 1840 1117 1898 tanta
1128 1826 1233 1921 gratia

165 1969 202 2015 ac
219 1959 408 2030 venustate,
428 1958 549 2043 quanta
567 1940 651 2027 hoc,
668 1941 806 2028 flueret,
826 1969 844 2014 e
861 1938 965 2014 latino
990 1939 1026 2014 in
1044 1968 1185 2036 gracum
1200 1940 1233 2014 id

167 2055 349 2131 transtulit.
368 2057 460 2155 Quid
477 2055 608 2130 multa?
623 2056 722 2129 Artes
737 2082 871 2142 ornnes,
895 2084 972 2156 quae·
983 2056 1134 2158 antiquis
1149 2074 1234 2131 notae

167 2188 279 2257 erant,
308 2201 411 2273 quunr
436 2172 472 2244 in
496 2169 590 2258 aliis,
620 2198 694 2271 quae
717 2169 916 2270 conscripsit
932 2227 942 2260 ,
960 2173 1144 2274 operibus,
1167 2190 1233 2246 turn

167 2284 306 2360 maxime
323 2287 358 2359 in
374 2285 440 2358 hoc
456 2284 502 2358 ita
518 2283 711 2373 declaravit,
726 2301 765 2358 ut
782 2285 1017 2388 quamplurimi
1034 2287 1097 2360 riri
1114 2287 1234 2362 utrius·

169 2429 234 2502 que
250 2400 390 2497 lingua,
405 2429 479 2501 quae
493 2400 529 2474 in
541 2400 650 2504 pretio
667 2417 765 2490 sunt,
780 2400 1014 2498 intelligentia,
1032 2420 1135 2504 atque
1151 2430 1235 2478 acer·

170 2519 254 2594 rimo
280 2516 405 2618 judicio
433 2536 646 2620 prestantes,
671 2546 770 2620 supra
797 2549 894 2620 quarn
922 2521 988 2594 dici
1017 2539 1158 2622 potest,
1182 2520 1237 2596 ad·

171 2651 342 2710 torrentur.

370 2927 653 3016 ‚GEORGII
680 2929 1038 3016 BERSMANNI

190 3140 434 3205 PRAEFATIO
462 3135 1000 3207 1N't1ETaM0nPfl0su0N
1027 3145 1223 3217 LIBROS,

521 3338 558 3377 aa
576 3338 761 3378 cnamssruou
778 3341 890 3391 uranu,

404 3490 449 3557 u.
476 3491 692 3559 pannon
716 3472 1022 3561 vnrzunonr.

225 3681 406 3755 POETICEN
434 3682 602 3757 Maximus
621 3684 745 3783 Tyrius
766 3684 958 3759 Platonicus
982 3685 1137 3761 definisse
1155 3685 1244 3760 illan

179 3798 311 3897 quidem
320 3798 515 3900 perhibetur
524 3800 707 3890 aeumlao,
717 3795 822 3891 rei'plr
832 3801 921 3894 χςᾶνφ
933 3802 1076 3890 vomit,
1089 3805 1131 3895 esi
1142 3801 1245 3895 ala}

179 3917 267 4006 poeria
287 3915 446 4010 ἶμμοτρον,
471 3918 512 4008 τί
528 3916 569 3987 d‘e'
583 3919 683 4013 prtipq
696 3917 890 4010 peudottopttttlr
906 3950 913 3991 τ
930 3922 995 3995 hoc
1015 3939 1086 4006 est,
1105 3920 1243 4020 philoso-

174 4032 281 4130 phiam
297 4020 428 4132 tempore
444 4031 562 4132 parilem
577 4049 746 4123 vetustam,
772 4037 980 4136 compositione
995 4053 1095 4111 macra
1114 4036 1242 4112 ommni
