2752 5136
151 669 216 736 360
399 638 960 739 uorrrrstrrarama

150 825 184 878 to
197 809 368 887 seruntur,
386 809 424 871 ea
436 802 556 870 sabulis
564 827 625 894 per
637 824 691 867 me
703 799 809 868 lector
820 796 1005 878 adscribet,
1022 796 1169 889 perinde
1182 812 1216 865 nt

151 916 242 1010 quod
257 939 367 1006 nuper
381 914 512 1004 scripsit
534 911 716 990 Mironius,
736 918 745 946 ¹
761 907 945 997 relegatum
962 909 1000 975 in
1016 906 1212 975 Calabriam.

150 1027 232 1097 Vid.
257 1025 396 1093 Bellorii
416 1012 686 1113 Descriptionem
705 1018 871 1110 sepulchri
886 1017 1058 1084 Nasonum
1070 1020 1115 1085 T.
1129 1021 1211 1099 XII,

151 1135 255 1202 Thes.
278 1132 359 1198 Ant.
384 1130 495 1198 Graev.
514 1150 590 1219 pag.
622 1126 719 1193 1038.
739 1126 808 1206 Io.
822 1126 989 1190 Antonius
1011 1125 1211 1217 Campanus,

150 1243 339 1334 ¹Aprutinus
355 1240 545 1328 episcopus,
562 1235 649 1301 libro
660 1235 803 1325 septimo
816 1233 1012 1301 Carminum
1021 1282 1032 1314 ,
1047 1255 1128 1325 pag.
1140 1233 1211 1327 176,

153 1351 237 1420 edit.
251 1350 342 1441 Lips.
358 1346 570 1428 Sulmonem,
583 1343 702 1413 Ovidii
712 1345 872 1436 patriam,
890 1345 935 1408 ita
946 1342 988 1409 de
1001 1344 1066 1410 hoc
1079 1346 1149 1409 cive
1163 1365 1213 1407 suo

148 1461 350 1551 gloriantem
366 1452 496 1520 inducit
511 1479 519 1520 ε

318 1604 376 1658 Sim
388 1602 447 1655 licet
460 1620 591 1654 annorum
605 1611 643 1653 tot
657 1600 771 1654 millibus
781 1601 878 1672 inclyta
889 1599 982 1653 Sulmo
995 1639 1002 1665 ,

348 1689 384 1741 Et
396 1685 566 1756 Peliguorum
577 1684 658 1754 gloria
671 1685 755 1754 prima
768 1685 853 1751 ferar,
966 1744 971 1754 .

316 1775 360 1828 Nil
373 1772 450 1827 habui
462 1770 561 1826 Ovidio
572 1770 656 1840 majus
668 1772 772 1825 Nasone
783 1780 875 1839 poeta;

350 1856 427 1910 Solus
439 1854 460 1907 is
471 1855 613 1908 immensas
624 1852 664 1907 vel
676 1852 742 1907 mihi
753 1863 858 1922 praestat
868 1871 939 1922 opes

310 1932 421 1994 ”AEtates
436 1939 550 2005 abeunt,
562 1936 688 1992 labuntur
699 1955 795 2007 regua,
807 1934 935 1990 uduuus

353 2028 441 2081 Durat
454 2036 480 2081 et
491 2026 519 2080 in
530 2024 613 2095 pretio
625 2035 664 2079 est
675 2024 832 2096 posteritatis
840 2024 935 2078 honos.

202 2155 361 2228 Hercules
375 2154 531 2222 Ciolanus
540 2203 550 2236 ,
573 2152 815 2234 sulmonensis,
832 2155 926 2234 cuius
943 2163 1072 2222 exstant
1084 2149 1213 2219 eruditae

156 2272 190 2332 iu
202 2262 364 2332 Ovidium
377 2257 537 2352 gentilem
551 2282 651 2325 suum
665 2272 766 2342 notre,
782 2257 1048 2352 descriptionem
1057 2259 1215 2328 Sulmonis

156 2376 243 2440 Vitae
260 2370 377 2438 Ovidii
393 2371 570 2462 praemisit,
591 2369 723 2461 Aquilae
749 2370 852 2461 1578,
871 2369 971 2434 in·8⁰.
988 2367 1113 2436 Confer
1128 2371 1216 2438 Petr.

156 2480 343 2546 Antonium
366 2477 607 2562 Corsignanum
631 2473 672 2538 de
695 2475 775 2538 viris
804 2473 987 2540 illustribus
1008 2475 1213 2553 Marsorum,

158 2610 230 2675 cap.
249 2607 287 2667 ²3
307 2581 422 2650 Ovidii
436 2580 556 2671 effigies
572 2581 660 2668 (nisi
672 2576 774 2645 Vedii
790 2579 946 2647 Pollionis
960 2581 1087 2673 potius,
1107 2592 1144 2645 ut
1158 2593 1218 2641 Na-

79 2741 84 2749 .
159 2706 225 2755 ΣΩΝ
240 2689 381 2781 legerint
393 2691 457 2755 viri
470 2687 595 2756 eruditi
609 2710 671 2779 pro
686 2690 860 2779 postremis
875 2688 982 2754 literis
994 2689 1134 2754 nominis
1141 2685 1218 2750 'tut-

159 2803 313 2889 ΣΔΡΕΩΝ)
329 2803 363 2866 in
378 2823 480 2866 numo
496 2795 585 2890 apud
599 2795 761 2863 illustrem
772 2795 1012 2887 spanhemium
1023 2798 1110 2864 Diss.
1130 2821 1165 2878 ι,
1181 2793 1219 2861 de

159 2936 221 2977 usu
231 2913 483 2990 numismatum,
497 2931 572 3000 pag.
590 2905 762 2992 543Tom.
781 2909 798 2972 I
807 2956 818 2989 ‚
834 2906 915 2972 edit.
925 2903 1217 2975 Londinens.Vid.

160 3035 193 3087 et
208 3045 282 3113 pag.
304 3045 381 3112 7¹9·

159 3203 248 3236 aarum
263 3185 381 3239 habebat.
404 3183 446 3236 De
464 3182 558 3237 eodem
574 3183 674 3237 calamo
696 3183 793 3239 Coelius
812 3181 1003 3252 Calcagninus,
1022 3182 1068 3253 qui
1090 3193 1118 3237 et
1132 3180 1220 3251 ipsein

159 3267 288 3321 Sarmatia
300 3269 367 3334 luit,
381 3268 407 3321 iu
421 3269 503 3342 elegia
512 3287 562 3337 qua
574 3267 732 3340 Scytharum
744 3287 833 3322 mores
844 3266 968 3322 describit
978 3308 986 3335 ,
995 3277 1044 3322 etc.
1056 3288 1070 3313 υ
1080 3265 1222 3320 Tumulum

160 3362 253 3420 poete,
263 3366 321 3423 post
329 3354 451 3407 inventos
461 3353 557 3408 scilicet
572 3351 708 3406 Ciceronis
722 3352 753 3407 de
767 3353 878 3423 Republ.
890 3351 981 3422 libros,
990 3353 1017 3406 in
1029 3352 1117 3406 media
1126 3351 1223 3405 Moscia

161 3449 296 3505 repertum
312 3449 401 3491 narrat
418 3438 495 3492 lsaar.
508 3437 639 3492 Bullartus
658 3437 686 3490 iu
701 3437 843 3492 Academia
861 3435 1035 3491 scientiarum
1051 3448 1078 3490 et
1099 3437 1223 3501 Artium,

160 3530 223 3572 tom.
236 3523 269 3588 1,
282 3541 339 3591 pag.
351 3523 399 3591 87,
420 3524 448 3575 in
464 3522 526 3576 Vita
547 3521 658 3575 Joannis
675 3522 820 3586 Zamoscil,
833 3521 986 3591 tumuloque
996 3520 1149 3588 inscriptum
1161 3538 1225 3574 car-

159 3622 222 3657 men
234 3623 241 3657 :
255 3628 268 3651 a
282 3605 334 3658 Hic
346 3598 408 3659 situs
422 3617 461 3660 est
476 3617 562 3672 vates,
578 3625 657 3675 quem
668 3606 729 3660 Divi
743 3605 853 3662 Caesaris
864 3606 903 3659 ira
917 3603 1024 3675 Augusti
1042 3603 1117 3669 Latia
1127 3603 1222 3659 cedere

158 3684 233 3752 jussit
243 3685 333 3739 humo.
342 3685 416 3756 Saepe
426 3687 506 3741 mirer
512 3686 594 3741 voluit
602 3687 690 3758 patriis
700 3689 856 3742 occumbere
867 3688 958 3754 terris,
969 3684 1022 3739 Sed
1031 3683 1128 3738 [nutra
1137 3705 1144 3738 :
1153 3684 1223 3739 hunc

158 3766 195 3820 illi
208 3767 258 3820 sata
269 3767 366 3822 dedere
378 3770 473 3823 locum.
486 3792 499 3817 s
514 3769 588 3824 ldem
601 3772 771 3827 tetrastichon
781 3772 861 3826 refert
871 3772 938 3826 Sim.
949 3768 1159 3825 surovotsiusin
1168 3789 1224 3824 mo-

159 3850 293 3903 numentis
306 3849 503 3918 Sarmatarum,
517 3852 626 3907 Cracor.
643 3853 720 3919 1655,
733 3853 826 3907 in-lol.
837 3873 894 3922 pag.
906 3855 962 3920 304.

192 3944 201 3972 ¹
223 3943 327 4012 Vosage
336 3944 370 3994 ln
380 3942 492 4004 hoaut,
509 3962 561 4010 par
569 3944 607 3995 M.
617 3946 649 3996 de
659 3945 772 4006 Maiore,
788 3946 907 4012 dLr'ege,
928 3944 1006 4011 1731,
1020 3942 1106 3996 ira-8⁰.
1122 3955 1186 3997 tom.
1196 3941 1222 4007 l,

157 4041 215 4093 pag.
230 4041 274 4092 ¹²7
288 4040 295 4074 ε
306 4024 367 4075 Pes
379 4026 506 4092 darei-qe
516 4029 584 4077 dela
597 4044 650 4077 mer
658 4027 747 4087 Not're,
764 4028 797 4079 du
805 4031 863 4078 cete
872 4029 903 4077 de
911 4026 1044 4093 I’Errope,
1057 4045 1090 4079 on
1100 4030 1156 4078 vot?
1163 4027 1223 4078 dens

158 4107 256 4156 chelles
266 4113 335 4158 tom
340 4123 446 4174 presque
455 4111 569 4168 remees,
581 4107 657 4174 qu'orr
667 4109 766 4175 appelle
776 4110 815 4159 les
823 4117 891 4160 torm
901 4109 933 4159 de
943 4109 1068 4159 Μαίη.
1087 4108 1223 4175 Qnelqees-

158 4205 207 4240 ars
212 4192 363 4254 pretendens
371 4188 476 4258 qu’elles
484 4199 530 4241 on!
538 4194 643 4245 servile
648 4195 737 4260 prison
748 4191 768 4241 d
783 4192 864 4243 Ovide
871 4231 878 4252 ,
893 4180 1135 4259 quoepnel‘dtttoe're
1142 4204 1223 4243 assum

158 4269 270 4340 qn'ilsut
279 4276 380 4344 relique
389 4291 421 4325 en
435 4274 549 4329 Calabre.
564 4277 582 4311 *

183 4366 321 4406 *ulmari
330 4365 436 4417 ternasque
446 4366 471 4406 de
483 4366 593 4418 Sannum,
611 4370 697 4409 truncia
703 4377 824 4422 putatam.
841 4371 872 4411 On
885 4383 899 4410 a
914 4369 940 4410 dc
954 4371 985 4410 aa
992 4369 1092 4422 plusieurs
1106 4379 1171 4409 anem
1186 4382 1218 4406 w·

158 4445 231 4486 stages·
243 4435 267 4473 Ji.
