2768 4694
631 317 753 384 IBIS.

202 459 251 529 Ut
267 455 320 530 cni
339 482 435 528 causa
452 454 542 528 necis
558 481 646 527 serra
663 471 788 554 reperta
803 454 886 541 suit3

154 570 258 673 Lydia
274 599 307 646 se
324 567 471 670 scopulis
487 586 526 642 ut
539 567 632 664 virgo
650 569 740 643 misit
756 568 798 641 ab
815 567 910 655 altis,

206 689 342 763 Dixerat
357 687 461 760 invito
478 709 551 787 quae
570 684 655 758 mala
671 684 769 758 verba
786 687 869 759 Deo.

158 806 248 878 Foeta
263 804 328 878 tibi
347 820 499 876 occurrat
517 802 626 902 patrio
643 798 817 900 popularis
832 800 865 872 in
882 827 977 888 arvo,

206 923 323 1022 Sitque
338 919 508 1020 Phayllaeae
523 945 620 993 causa
637 917 735 991 leaena
751 917 851 990 necis.

159 1040 294 1140 Quique
309 1037 518 1138 Lycurgiden
532 1036 662 1121 letavit,
681 1051 715 1107 et
729 1035 846 1107 arbore
863 1050 995 1121 natum,

1174 1060 1222 1112 505

205 1155 415 1251 Idmonaque
431 1152 602 1240 audacem,
619 1169 650 1224 te
666 1177 799 1250 quoquc
815 1167 946 1249 rumpat
961 1177 1048 1249 aper.
1163 1182 1171 1193 ·

160 1273 262 1369 lsque
277 1267 332 1341 vel
348 1266 504 1341 exanimis
520 1264 615 1339 faciat
629 1264 690 1338 tibi
705 1261 839 1351 vulnus,
854 1280 893 1336 nt
906 1261 973 1350 illi,

165 1443 255 1503 geret,
269 1432 403 1501 escopulo
411 1451 438 1486 se
447 1450 507 1486 cum
519 1431 574 1485 tilio
587 1433 670 1486 Pale·

165 1530 244 1564 mone
253 1508 352 1563 dimisit
361 1508 388 1564 in
396 1529 467 1565 mare
477 1529 483 1562 :
493 1509 547 1564 bec
557 1510 669 1564 nutrivit

164 1588 306 1643 Bacchum.

195 1671 252 1721 500.
267 1668 444 1720 Utm'ceese.
453 1665 558 1731 Perdis,
568 1664 669 1719 Dedali

161 1764 243 1814 nepos
256 1762 288 1796 ex
301 1761 409 1809 sorore,
427 1762 508 1812 quum
526 1762 627 1797 serram
644 1752 671 1795 et

162 1822 290 1877 circinum
300 1820 409 1891 ingenio
419 1839 467 1873 suo
478 1821 668 1886 adinvenisset,

164 1899 264 1954 Dsdati
274 1899 372 1953 invidia
382 1900 498 1967 deiectus
506 1919 538 1953 ex
548 1900 631 1966 turri,
643 1897 670 1952 in

165 1997 240 2032 avem
250 1977 289 2031 sui
301 1972 416 2031 nominis
426 1987 465 2030 est
473 1996 622 2031 conversus.

198 2059 254 2109 Sor.
262 2055 352 2126 lydia.
365 2055 438 2107 Mars
448 2054 528 2109 llicen
539 2055 611 2127 Ibyci
623 2054 672 2126 Ly·

165 2133 200 2186 dii
213 2132 293 2185 liliam
305 2133 419 2196 amavit,
439 2151 497 2200 que
511 2143 567 2186 tuta
578 2132 671 2186 Diana

166 2210 267 2277 auxilio,
276 2228 379 2263 amores
386 2210 482 2263 Martis
488 2221 670 2276 contemnens,

165 2291 227 2343 diris
249 2289 480 2358 imprecationibus
503 2289 529 2341 iu
553 2289 670 2342 furorem

166 2381 221 2424 acta
234 2389 260 2424 se
270 2369 379 2424 demisit
389 2389 404 2423 e
414 2368 530 2439 scopulo.
544 2368 622 2421 Dost¹
639 2397 673 2409 -

167 2450 259 2502 leem
269 2447 380 2518 quidam
390 2467 397 2511 ;
409 2448 495 2519 hydria
507 2446 597 2500 nostri.

200 2527 256 2599 Ι500.
266 2527 357 2578 Iner'to.
370 2523 456 2593 Lego,
468 2528 575 2584 inuecto,
590 2523 671 2588 (narn

168 2601 193 2656 id
207 2602 352 2673 epithetum
364 2602 443 2656 Marti
455 2602 673 2657 convenientissi-

168 2699 258 2742 mum,
277 2681 322 2749 qui
334 2681 409 2734 Deus
419 2691 459 2734 est
471 2679 531 2733 belli
544 2683 555 2746 )
572 2678 612 2732 vel
627 2687 673 2732 r'n-

170 2765 243 2820 νίως
262 2757 360 2822 idest,
381 2757 480 2827 abipsa
497 2757 559 2810 odio
578 2756 672 2812 habito.

204 2834 262 2886 503.
274 2837 361 2887 Patrio
363 2840 491 2901 populeris
503 2841 530 2887 r'n
541 2855 608 2888 amo.
622 2836 673 2889 llic

170 2909 252 2965 Ovid.
275 2909 354 2964 Ibidis
379 2913 486 2980 patriam
509 2912 653 2966 subindicat
666 2931 672 2964 :

168 3011 233 3044 nam
245 2990 319 3044 initio
331 2991 411 3060 bujus
422 2991 512 3058 libelli,
527 3012 589 3046 eum
602 2992 673 3060 quasi

171 3071 297 3142 Libycum
312 3089 367 3124 esse
383 3070 551 3124 ostendimus,
566 3069 674 3123 Etenim

170 3149 302 3214 leonibus,
311 3167 375 3217 quos
383 3151 463 3202 Ibr‘dr's
466 3154 601 3218 populares
606 3148 675 3202 Naso

171 3237 258 3292 vocat,
270 3227 351 3299 Libya
364 3237 452 3280 scatet.
465 3228 545 3282 Secu.
555 3253 588 3267 -
596 3229 675 3279 Fata.

171 3309 320 3377 Paplragus,
329 3307 475 3362 ambraus
484 3326 539 3370 res,
548 3305 676 3373 quumin·

170 3386 273 3439 cidisset
281 3387 310 3439 in
321 3387 432 3438 leenam
440 3382 531 3437 catulis
541 3382 674 3451 stipatam,

170 3465 196 3517 in
207 3465 288 3518 bortis
297 3465 351 3519 suis
363 3463 396 3516 ab
404 3482 434 3516 ea
443 3471 483 3516 est
491 3460 635 3513 dilaniatus.

204 3545 261 3608 504.
274 3545 360 3612 Sitque
373 3543 514 3612 Ptaylleae.
527 3539 596 3607 Lege
607 3541 677 3593 Pta-

173 3623 245 3670 Iecee
257 3640 286 3673 er
295 3618 434 3674 Antonino
442 3616 567 3683 Liberali,
579 3616 630 3670 fab.
639 3633 677 3668 tv.

176 3697 324 3752 Parrbasiae
332 3718 364 3751 es
372 3697 478 3750 AEliano
485 3695 677 3767 1300χί10000τί-

176 3776 368 3832 bebacttuss.
382 3779 422 3833 lta
433 3788 461 3829 et
473 3777 561 3829 nostri.

716 1429 917 1486 Grammaticus.
938 1433 1051 1485 letands·
1067 1432 1149 1487 verbo
1166 1451 1226 1488 usus
1303 1488 1312 1502 ‚

717 1510 813 1563 Noster
825 1510 935 1565 Metam.
950 1510 991 1564 lll
1001 1550 1009 1577 ,
1021 1522 1048 1565 et
1061 1509 1183 1581 Virgilius
1198 1513 1227 1567 in

719 1586 825 1654 Culine,
839 1589 895 1654 324.
915 1587 1023 1642 Adonin
1041 1600 1128 1643 autem
1147 1590 1229 1646 intel·

718 1665 781 1733 ligit.
794 1666 831 1719 Η.
840 1694 873 1706 -
888 1667 983 1734 Quique
990 1667 1155 1738 Lycurgiden.
1169 1668 1227 1738 Ego

719 1746 863 1812 Ancnum,
878 1745 990 1817 Lycurgi
1005 1757 1032 1799 et
1045 1746 1176 1805 Antinous
1187 1749 1226 1804 fi-

718 1823 799 1891 lium,
812 1825 927 1894 itemque
937 1824 1086 1880 Adonidem
1102 1839 1128 1882 et
1139 1828 1228 1885 ldmo-

718 1921 780 1956 nem
793 1904 877 1972 (quos
887 1913 913 1956 et
926 1903 995 1959 inter
1004 1903 1168 1974 Argonautas
1177 1926 1228 1962 nu·

720 1984 841 2047 merant)
855 1979 970 2049 intelligo
982 2000 989 2042 3
1003 1979 1063 2035 vide
1071 1982 1225 2058 Hyginum,

718 2077 773 2126 rap.
787 2059 849 2124 247,
863 2057 895 2110 de
907 2057 937 2111 iis
951 2058 995 2127 qui
1007 2059 1063 2128 apri
1075 2060 1127 2115 ictu
1139 2062 1229 2116 conci·

720 2136 895 2189 derunt-Et
905 2138 994 2191 arboee
1005 2145 1099 2191 uleer-
1109 2141 1227 2195 Adonim

719 2212 849 2283 intelligit,
858 2211 958 2286 Cinyra
965 2212 1046 2287 Cypri
1054 2234 1115 2287 rege
1122 2229 1148 2272 et
1157 2219 1228 2292 Myr·

720 2292 767 2346 rba
775 2293 828 2361 jam
838 2291 930 2347 arbore
941 2304 1050 2359 natum,
1065 2314 1144 2364 quem
1157 2299 1226 2365 juve·

720 2389 784 2424 nem
797 2369 886 2436 Mars,
899 2371 926 2424 in
940 2373 1012 2441 porci
1026 2373 1155 2445 sylvestris
1169 2396 1226 2446 spe·

720 2449 786 2502 ciem
799 2448 964 2518 formamque
979 2461 1115 2518 mutatus,
1133 2464 1161 2507 nt
1177 2453 1226 2508 sibl

720 2525 817 2595 primas
836 2524 864 2578 in
882 2544 970 2580 amore
984 2526 1096 2583 Veneris
1110 2529 1228 2584 vindica·

720 2613 782 2668 ret,
803 2603 905 2655 incaute
925 2613 1016 2656 contra
1035 2623 1062 2657 se
1085 2616 1224 2677 ruentem,

720 2679 845 2749 percussit
855 2699 861 2740 ;
873 2678 931 2732 vide
940 2680 1067 2733 Nostrum
1080 2679 1122 2733 lib.
1135 2683 1160 2734 X
1169 2681 1225 2736 Me·

721 2760 850 2828 tamorph.
860 2761 928 2811 Van.
937 2761 1029 2812 Arrun.

754 2838 809 2890 506.
817 2840 975 2904 Idmonaque.
984 2835 1091 2904 Idmon,
1100 2837 1227 2907 Apollinis

720 2912 958 2966 etheretietilius
967 2913 1067 2980 :vel,ut
1075 2914 1116 2968 alii
1124 2916 1226 2983 volunt,

722 2989 881 3044 AsterissAEt
890 2993 1010 3043 audacem
1018 3001 1094 3060 poeta
1102 2991 1176 3046 illum
1185 3013 1228 3047 vo·

721 3080 771 3135 cat,
781 3069 852 3138 qnia,
861 3088 943 3138 quum
950 3070 1025 3123 sciret
1032 3090 1059 3125 se
1069 3071 1096 3123 in
1103 3070 1227 3140 illaespe·

722 3148 821 3201 ditione
841 3149 1005 3214 (eratenim
1019 3150 1111 3215 vates)
1125 3151 1227 3220 peritu-

722 3243 781 3277 rum
795 3243 801 3276 :
816 3234 904 3279 umen
924 3244 977 3278 una
993 3244 1053 3279 cunr
1069 3228 1227 3296 Argonautis

723 3304 795 3372 Argo
806 3305 893 3357 navim
905 3304 1063 3358 conscendit.
1081 3306 1227 3377 Quumque

722 3382 884 3450 aliquantum
897 3382 996 3437 asociis
1009 3385 1152 3439 secessisset
1165 3424 1173 3451 ,
1195 3386 1226 3439 ab

723 3479 786 3530 apro
809 3458 905 3514 occisus
927 3471 986 3525 est,
1008 3472 1037 3514 ut
1055 3459 1179 3531 Orpheus
1200 3475 1230 3518 et

724 3538 877 3608 Apollonius
890 3548 1025 3593 testantur.

757 3624 812 3688 507.
824 3621 897 3687 Isque
907 3622 954 3671 sel.
970 3619 1001 3673 ln
1017 3639 1079 3689 agro
1097 3619 1228 3674 Possidio·

722 3695 855 3749 nisurum
871 3696 898 3748 in
916 3697 1022 3765 regione
1036 3694 1232 3767 Andragatbia:

724 3792 796 3844 qun,
809 3793 890 3843 quum
900 3773 1177 3838 venandoearelleret,
1188 3793 1228 3827 ra·

211 3855 269 3905 50⁵.
289 3857 380 3921 Quique
393 3856 548 3926 Lycurgiden
560 3856 681 3906 laceraret
724 3862 880 3922 ptarumque
891 3850 1006 3905 serarum
1018 3853 1101 3921 capita
1112 3860 1138 3902 et
1150 3849 1228 3918 pedes

176 3934 210 3983 ab
218 3931 308 3981 arbore
317 3940 405 3982 men.
417 3929 508 3984 Scribe
515 3933 681 3982 leueetetae»
725 3929 818 3983 Diana
826 3930 948 3994 vovisset,
957 3939 1032 3998 capto
1040 3926 1140 3995 ingenti
1150 3944 1228 3996 apro,

176 4013 235 4064 tore
240 4015 329 4060 natan
336 4007 484 4060 cumlureti
490 4006 566 4073 libro,
575 4005 678 4074 aliisque

178 4084 328 4147 nonnullis3
344 4093 420 4152 atque
430 4084 465 4137 ita
479 4085 540 4138 citat
549 4085 680 4156 Eutyches

725 4008 809 4061 solum
820 4016 897 4076 eaput
911 4007 997 4060 arbori
1014 4001 1155 4071 sdpendit,
1171 4006 1228 4061 Dea

725 4093 876 4153 mntempta
887 4104 894 4145 ;
908 4102 967 4136 mos
975 4098 1057 4149 quum
1068 4079 1162 4137 eodem
1173 4083 1229 4137 loro
