2768 4694
493 326 590 394 PER
614 329 647 393 J.
674 325 898 394 Massou.
1163 332 1223 400 103

157 467 261 542 Haud
277 484 395 542 tamen
404 464 563 541 omnihus
581 465 776 539 observatus
791 464 856 537 suit
872 466 928 539 hic
947 465 1031 554 dies,
1046 467 1095 540 nti
1110 468 1175 567 jam
1193 470 1228 543 in

158 581 294 655 Horatii
311 580 408 668 Vita,
433 580 604 655 Ciceronis
624 579 791 681 exemplo,
807 579 1031 664 ostendimus;
1049 581 1101 654 cni
1119 599 1151 656 et
1165 582 1229 659 alia

158 712 299 796 possent
308 694 393 769 addi.
410 696 481 768 Nec
489 693 577 767 sorte
587 722 661 767 mos
673 692 729 767 ille
741 694 782 767 ad
796 693 858 767 alia
871 721 969 794 quam
979 694 1087 794 prisca
1101 715 1227 797 speeta-

158 813 216 888 bat
234 832 399 916 tempora,
418 831 459 887 nt
472 830 574 913 poeta
587 810 717 886 videtur
729 814 864 886 innuere
881 813 1040 913 proximis
1057 814 1226 890 versibus:

320 1005 365 1059 An
379 996 453 1075 quia,
468 1022 551 1072 quum
559 1007 645 1070 prisci
651 1001 768 1055 colerent
777 1001 917 1056 studiosius
928 1022 1019 1073 agros,
1032 1014 1081 1057 etc.

157 1161 202 1231 Ut
216 1176 260 1232 nt
275 1157 341 1243 sit,
355 1155 425 1228 hoc
441 1154 569 1228 circiter
583 1170 732 1254 tempore
751 1155 841 1228 Naso
861 1170 961 1255 togam
978 1156 1131 1231 sumserit
1147 1160 1226 1232 vrii-

156 1273 429 1374 lem‚·siqnidem
444 1271 535 1346 hand
555 1271 718 1345 immerito
736 1271 824 1345 docti
848 1271 908 1344 viri
936 1281 944 1311 ¹
971 1293 1125 1362 censent,
1155 1306 1226 1352 eam

158 1415 249 1463 anno
267 1387 373 1460 utatis
404 1385 445 1458 16
468 1386 599 1459 ineunte
613 1414 675 1486 pro
690 1385 789 1483 hujus
801 1386 860 1458 evi
871 1410 963 1460 more
977 1386 1084 1461 datam
1102 1388 1225 1478 fnisse;

160 1532 230 1604 qno
254 1520 342 1578 certe
360 1529 447 1575 anno
471 1501 616 1576 eamdem
640 1500 711 1574 filio
736 1503 785 1575 M.
804 1501 926 1576 ‘Cicero
947 1503 1075 1592 induit,
1099 1523 1137 1578 nt
1156 1506 1224 1603 jam

157 1618 237 1696 alibi
256 1629 270 1658 ²
286 1620 467 1695 docuimus.
487 1621 563 1694 Huc
582 1619 680 1693 etiam
692 1619 836 1714 Augusti
853 1620 1040 1722 exemplum
1055 1622 1222 1714 referunt,

156 1737 198 1812 de
223 1766 292 1838 qno
307 1738 492 1812 'Suetonius
519 1736 532 1774 ³
555 1767 562 1809 :
592 1770 609 1800 «
629 1735 885 1823 Duodecimum,
904 1736 965 1825 ait,
983 1766 1105 1813 annom
1122 1769 1223 1836 agens

159 1890 177 1925 s
197 1855 300 1931 aviam
314 1852 438 1929 duliam
456 1851 645 1929 defunctam
662 1880 726 1954 pro
742 1849 898 1927 concione
916 1849 1060 1928 laudavit
1076 1857 1101 1929 ⁴.
1127 1857 1222 1953 Qua-

159 2005 177 2038 »
198 1966 347 2047 driennio
360 1989 440 2073 post
452 1970 538 2044 virili
550 1988 629 2067 toga
642 1987 768 2057 sumta,
783 1968 981 2046 militaribus
990 1972 1088 2048 donis
1102 1975 1221 2048 trium-

160 2122 177 2152 »
195 2090 265 2191 pho
282 2089 420 2165 Caesaris
435 2087 594 2162 Africano
611 2088 754 2162 donatus
771 2106 838 2176 est,
856 2106 914 2161 etc.
935 2125 952 2155 »

202 2218 270 2292 Alii
287 2249 366 2294 vero
384 2221 476 2296 haud
499 2220 699 2293 indoctiores
716 2219 777 2292 viri
794 2217 825 2306 ⁵,
844 2218 1016 2294 Nicolaum
1041 2223 1220 2298 Damasce-

155 2344 233 2409 nnm
250 2336 375 2422 secuti,
404 2352 539 2411 censent
561 2353 668 2432 togam
693 2334 819 2408 virilem
841 2337 994 2432 Augusto
1022 2344 1063 2430 14
1089 2357 1218 2413 tantum

155 2481 259 2527 annos
274 2472 355 2527 nato
374 2453 482 2526 datam
500 2481 508 2534 ;
534 2482 570 2526 ac
585 2454 721 2553 proinde
739 2454 774 2524 in
790 2482 830 2525 co
848 2452 998 2527 Suetonii
1012 2453 1085 2528 loco
1104 2454 1219 2549 legunt

155 2564 320 2654 decimum,
340 2596 402 2668 pro
411 2566 618 2642 duodecimum
630 2594 772 2653 annum,
791 2595 858 2667 qno
877 2567 1029 2668 princeps
1046 2566 1101 2640 ille
1114 2569 1217 2642 aviam

157 2684 356 2772 laudaverim
373 2704 412 2758 nt
423 2685 647 2788 quadriennium
663 2687 779 2759 exinde
794 2703 1010 2785 supputatum
1023 2686 1058 2757 in
1071 2686 1217 2780 Augusti

163 2800 206 2892 14
222 2799 357 2873 ineidat.
375 2799 503 2875 Diserta
521 2829 597 2876 sane
618 2820 698 2875 sunt
715 2800 843 2874 Nicolai
861 2801 959 2874 verba
977 2830 985 2874 ε
1005 2808 1162 2875 Κατέόαινε
1184 2807 1217 2877 δὲ

157 2921 193 2995 εἷς
210 2925 265 2993 τὴν
282 2922 391 3014 ἀγοράν
411 2923 473 3012 περὶ
492 2928 537 2999 ἔτη
558 2923 687 3010 μαλιστα
703 2923 828 3011 γεγονὼς
851 2920 1126 3016 τεσσαρεσκαίδεκα,
1140 2931 1215 3013 ὥστε

157 3039 307 3107 ἀποθέσθαι
320 3040 373 3130 μὲν
384 3032 529 3118 ἀυτόνῖδη
542 3047 593 3111 τὴν
607 3040 818 3132 περιπόρφυρον
829 3041 944 3123 ἐσθῆτα,
956 3040 1107 3110 natatem
1121 3042 1216 3116 δὲτὴν

156 3159 298 3250 καθαρὰν,
314 3159 461 3245 σύμθσλον
471 3151 561 3225 οὖσαν
571 3166 623 3231 τῆς
638 3157 676 3230 εἰς
692 3152 798 3248 ἄνδρας
811 3159 966 3252 ἐγγραφῆς.
984 3187 1001 3218 o
1014 3155 1097 3228 lude
1109 3184 1213 3231 annos

160 3300 174 3331 a
191 3269 320 3345 circiter
337 3267 588 3370 quatuordecim
602 3285 699 3342 natus
719 3266 754 3340 in
775 3267 884 3342 forum
902 3269 1086 3358 descendit,
1104 3273 1214 3372 posita

182 3473 191 3502 ¹
209 3469 272 3523 vid.
293 3468 354 3523 ald.
370 3469 475 3522 Manut.
496 3467 585 3536 Ques.
596 3486 642 3536 per
654 3466 736 3533 Epist.
747 3464 790 3519 tin
804 3467 846 3532 ll,
860 3463 893 3519 de
908 3467 981 3538 Toga
994 3469 1072 3524 Rom.
1091 3469 1169 3524 Noris
1180 3469 1213 3522 de

156 3547 248 3605 Cenot.
259 3553 310 3606 Pis.
321 3571 378 3622 pag.
394 3556 457 3620 ¹¹43
474 3550 570 3604 Gravi.
584 3550 617 3603 ad
629 3550 739 3605 Sueton.
751 3548 819 3618 Aug.
830 3567 885 3617 cap.
897 3550 920 3601 8.

184 3642 197 3669 ²
209 3640 241 3691 ln
252 3642 345 3695 Horat
357 3643 432 3710 vin,
449 3662 507 3711 pag.
518 3644 557 3694 25.

184 3727 195 3761 ⁸
212 3728 268 3782 Lib.
279 3733 307 3785 11
317 3772 324 3798 ,
334 3751 388 3800 cap.
398 3735 422 3787 8.

184 3818 197 3855 ⁴
213 3817 290 3873 Idem
302 3821 397 3890 aliquot
408 3835 469 3877 ante
482 3822 557 3876 anuis
572 3823 708 3890 scripserat
722 3821 835 3892 Quintil.
846 3820 888 3877 tib.
903 3822 957 3878 ΧΠ
968 3863 976 3891 ,
988 3844 1042 3894 cap.
1054 3825 1071 3878 6
1081 3843 1088 3877 ε
1100 3843 1113 3868 «
1128 3820 1218 3877 Cesar

156 3903 289 3972 Augustus
301 3904 437 3961 duodecim
447 3919 523 3961 natus
533 3926 617 3961 annos
628 3908 712 3960 aviam
724 3925 773 3977 pro
784 3907 872 3961 rostris
884 3905 1005 3963 laudavit.
1016 3930 1030 3955 ν

187 3999 198 4033 ⁵
216 3996 279 4049 Vid.
291 3996 378 4049 Henr.
390 3997 475 4053 Vates.
485 4008 540 4052 not.
552 3999 585 4052 ad
598 3998 681 4052 Nieol.
693 3996 966 4069 DamasoExcerpta,
981 4014 1038 4067 pag·
1049 3995 1114 4061 475;
1128 3993 1215 4050 Henr.

154 4080 285 4140 Dodwell.
299 4081 376 4139 Praet.
387 4099 406 4137 v
415 4082 446 4138 ed
458 4082 587 4154 Spartiani
602 4082 730 4138 Hadrian.
