2768 4694
611 349 759 419 VITA.

318 487 462 560 Virgilium
473 487 529 542 vidi
539 496 645 544 tautum
656 509 663 542 ε
674 509 724 544 uec
734 507 811 543 avara
822 489 929 545 Tibullo

346 579 463 650 Tempus
475 579 596 635 amicitie
606 580 659 636 lata
670 579 767 634 dedere
779 598 853 634 mee.

312 669 451 725 Successor
462 667 513 724 fuit
525 669 568 725 bic
579 670 638 737 tibi,
651 669 724 724 Galle
734 691 742 735 3
753 670 906 741 Propertius
917 670 962 725 illi.

343 760 466 831 Quartam
477 760 510 813 ab
520 758 562 814 bis
573 760 640 814 serie
653 759 779 829 temporis
790 761 844 830 ipse
854 759 911 814 lui:

311 851 402 921 thue
417 869 468 920 ego
480 851 609 920 majores,
621 851 657 904 sic
669 869 712 904 me
723 850 829 907 soluere
841 851 957 907 minores
969 869 978 905 t

345 943 468 1012 Notaque
479 960 536 995 nou
547 939 621 994 tarde
631 940 701 994 lacta
714 939 824 994 Tbaleia
835 959 895 994 rnea
907 950 954 996 est.

147 1060 190 1129 ln
208 1056 354 1130 secundo
373 1056 415 1132 (le
428 1056 598 1133 Tristibus
619 1084 655 1131 se
677 1074 712 1131 et
730 1056 930 1133 causidicum
953 1057 1055 1134 fuisse
1080 1061 1213 1152 scribit,

149 1170 235 1243 etin
249 1170 388 1270 privatis
404 1169 512 1246 causis
528 1171 705 1259 arbitrum,
724 1171 777 1245 his
793 1169 968 1244 versibus:

317 1315 375 1369 Nec
385 1315 452 1368 male
465 1314 596 1371 commissa
607 1326 647 1370 est
658 1314 733 1368 uobis
743 1314 851 1369 lortuua
862 1332 969 1368 reorum

348 1405 439 1474 Usque
450 1404 539 1460 decem
550 1405 633 1460 decies
643 1404 804 1476 inspicienda
814 1405 883 1459 ririr.

313 1494 366 1549 Res
377 1515 480 1567 quoque
490 1497 602 1567 privatas
614 1497 692 1551 statui
702 1496 758 1550 siue
769 1495 879 1550 crimine
892 1493 972 1564 judex
984 1514 991 1548 :

344 1585 438 1656 Deque
449 1606 511 1641 mea
521 1587 589 1642 lassa
600 1599 640 1643 est
651 1606 709 1658 pars
720 1607 824 1658 quoque
836 1584 904 1642 victa
913 1585 974 1639 fide.

148 1700 317 1795 Benignus
333 1702 431 1776 etiam
447 1705 530 1778 adeo
547 1703 631 1790 suit,
649 1720 689 1777 ut
702 1702 814 1778 nullus
835 1731 983 1802 unquam
1000 1730 1104 1804 opus,
1122 1702 1213 1805 quod

148 1815 222 1914 ipse
246 1833 496 1915 composuerat,
526 1816 709 1919 carpserit3
736 1816 826 1917 quod
849 1816 896 1890 sic
923 1815 993 1916 ipsc
1017 1832 1154 1890 testatur
1178 1815 1214 1888 in

149 1929 250 2002 Trist.
267 1929 326 2004 lib.
344 1933 405 2023 IV,
421 1931 514 2029 Eleg.
533 1953 581 2005 x:

312 2071 367 2125 Nec
378 2072 423 2141 qui
435 2071 563 2127 detractat
573 2071 727 2141 presentia,
739 2072 805 2123 livor
817 2072 908 2140 iniquo

343 2161 437 2216 Ullum
450 2163 484 2216 de
494 2163 589 2217 uostris
600 2161 680 2216 deute
693 2162 837 2216 momordit
849 2181 921 2232 opus.

148 2277 226 2349 Fuit
240 2297 272 2351 ct
289 2278 441 2351 moribus
459 2279 687 2352 ornatissimus
706 2308 713 2351 :
732 2307 808 2351 nam
826 2296 859 2350 et
874 2279 986 2352 vinum
1003 2278 1106 2353 multa
1127 2306 1214 2380 aqua

149 2394 290 2468 dilutum
305 2395 461 2482 bibebat,
478 2413 511 2467 et
528 2424 546 2467 a
561 2394 753 2468 detestando
769 2421 946 2494 puerorum
962 2395 1140 2471 concubitu
1154 2397 1212 2469 ab·

150 2510 324 2594 horrebat,
341 2528 476 2612 eratque
493 2538 596 2610 purus
614 2511 721 2584 omnis
738 2508 879 2583 sceleris.
908 2511 963 2585 Sic
980 2513 1066 2585 enim
1083 2514 1153 2613 ipse
1172 2513 1211 2586 dc

152 2626 281 2715 Ponto,
296 2627 355 2699 lib.
371 2630 407 2715 l,
423 2626 518 2722 Eleg.
540 2647 585 2698 x:

318 2768 415 2820 Parrus
423 2768 451 2820 in
463 2766 541 2819 exiles
552 2786 642 2820 succus
654 2764 720 2817 mihi
732 2765 851 2833 pervenit
864 2772 952 2831 artus,

350 2858 519 2928 Membraque
531 2868 593 2912 suut
605 2876 665 2912 cere
677 2855 810 2926 pallidiora
818 2874 895 2909 nova.

317 2950 379 3005 Nou
392 2950 445 3002 bec
453 2949 595 3003 immodico
607 2945 723 3000 contrari
736 2945 833 3007 damna
844 2947 941 3017 Lyaeo:

346 3039 404 3093 Scis
416 3038 494 3106 mibi,
506 3055 588 3108 quam
599 3035 660 3090 solu
670 3054 744 3105 poue
754 3035 878 3090 bibantur
889 3054 971 3103 aque.

316 3131 378 3185 Nou
389 3129 470 3199 epulis
480 3147 581 3183 oneror
592 3147 599 3180 ε
611 3144 722 3196 quarum
734 3127 755 3180 si
770 3136 860 3195 tangar
872 3145 976 3192 amore,

348 3223 396 3279 Eat
407 3233 496 3279 tamen
508 3223 537 3274 in
550 3219 647 3275 Getieis
657 3219 730 3287 copia
740 3217 812 3272 nulla
823 3218 892 3273 locis.

314 3315 372 3369 Nec
383 3315 449 3369 vires
462 3313 555 3367 adimit
568 3310 680 3364 Veneris
690 3310 814 3364 damnosa
826 3308 958 3380 voluptas:

345 3405 406 3459 Nou
417 3406 485 3460 solet
496 3404 523 3455 iu
535 3412 639 3457 uaoestos
651 3399 693 3453 illa
703 3401 794 3454 venire
806 3392 894 3453 toros.⁴

150 3529 235 3599 ltem
252 3526 286 3598 iu
304 3524 449 3598 secundo
467 3521 508 3595 (le
521 3524 601 3594 Arte
615 3517 744 3592 amandi
762 3517 829 3590 ait:

319 3658 371 3714 Odi
381 3657 551 3722 concubitus,
566 3656 610 3726 qui
623 3674 678 3708 nou
690 3655 823 3722 utrimque
836 3653 985 3707 resolvunt:

349 3752 404 3807 lloc
416 3759 456 3804 est
466 3790 474 3818 ,
484 3768 531 3803 cur
541 3740 615 3816 pueri
627 3757 721 3816 tangor
732 3762 819 3796 amore
833 3746 928 3796 minus.

153 3869 197 3940 ln
215 3864 356 3939 secundo
368 3885 475 3941 autem
492 3864 533 3939 de
548 3865 678 3949 Ponto,
695 3860 789 3956 Eleg.
807 3879 881 3948 vn,
898 3861 944 3933 sic
960 3857 1100 3934 scribit:

323 4003 383 4058 Vita
390 4007 464 4076 prior
473 4005 533 4059 vitio
544 4013 632 4070 caret,
644 4012 672 4057 et
683 4002 738 4055 siue
748 4000 806 4055 labe
818 4012 921 4071 peraeta
932 4009 987 4052 est:

358 4096 451 4150 Auxilii
462 4095 554 4175 mismo
566 4090 606 4151 uil
615 4097 674 4153 tulit
686 4092 729 4148 it·
738 4094 811 4149 mibi.
