2768 4694
162 397 226 460 „g
486 392 523 455 P.
550 389 727 458 OVIDII
754 387 887 455 VITA

162 555 181 597 s
202 548 283 617 tum,
294 526 406 603 electis
415 527 575 613 consciis,
588 545 622 601 et
633 526 752 600 comite
764 556 832 600 uno
842 529 955 600 Fumo
969 528 1145 617 Murrus,
1152 528 1228 605 Pla·

163 680 181 711 u
201 646 324 720 nasiam
334 660 472 730 vectum,
484 642 703 717 advisendum
711 643 907 745 Agrippam,
917 661 978 717 etc.
994 644 1099 740 Quod
1109 646 1226 720 Mtxt·

168 795 185 825 »
206 780 293 835 ttUtu
307 760 404 832 uxori
415 761 577 832 MultcttE
587 759 773 861 aperuissc3
790 757 879 832 illam
893 759 1008 846 Liviae
1028 759 1066 832 C.
1080 761 1227 836 'Nurum

166 913 183 944 »
201 878 237 952 id
255 877 387 952 Caesari.
414 879 531 977 Neque
549 876 657 950 multo
674 893 769 976 post,
787 859 947 950 exstincto
966 878 1123 952 Muxttto
1139 879 1226 974 (dn-

166 1027 184 1060 »
202 993 297 1068 bium
312 1022 353 1066 an
372 993 508 1093 quesita
521 991 649 1090 morte)
660 991 792 1067 auditos
806 992 840 1065 in
853 992 967 1066 funere
980 992 1051 1091 ejus
1064 994 1227 1069 Mutet!

163 1145 182 1177 »
203 1111 344 1208 gemitus
362 1129 465 1185 semet
477 1108 675 1195 incusantis,
688 1109 779 1209 quod
795 1138 893 1184 cansa
909 1111 1001 1183 exitii
1017 1111 1137 1185 marito
1147 1111 1227 1187 luia·

163 1261 181 1309 u
198 1245 258 1300 set.
274 1260 291 1292 »
310 1226 460 1299 Dubium
476 1241 584 1298 autem
599 1221 681 1297 illud
690 1224 797 1298 Taciti
811 1224 909 1298 solvit
926 1224 1127 1301 Plutarchus
1138 1235 1225 1330 ¹,qui

161 1369 264 1442 quum
281 1339 353 1415 istis
370 1335 488 1412 similia
503 1337 707 1426 tradidisset,
726 1337 839 1412 addit:
863 1374 879 1404 «
900 1341 1094 1416 Venientem
1107 1341 1225 1438 igitur,

165 1491 183 1520 »
202 1455 243 1528 de
259 1483 370 1541 more,
387 1481 481 1527 mane
497 1451 650 1526 Fulvium
664 1451 675 1490 ³
688 1471 722 1527 et
734 1453 870 1527 solitum
883 1453 966 1531 illud
978 1455 1143 1533 dicentem
1155 1487 1224 1546 ase,

164 1599 183 1634 »
207 1569 316 1643 Caesar
329 1564 537 1654 resalutavit3
552 1565 645 1651 vele,
662 1566 792 1667 inquit,
806 1566 913 1641 Fulvi.
927 1571 1040 1670 Atque
1056 1568 1113 1645 ille
1129 1570 1166 1645 id
1178 1573 1227 1647 in-

164 1721 183 1752 »
203 1684 371 1781 telligens,
399 1683 534 1757 domum
561 1711 596 1757 se
612 1679 702 1757 illico
716 1684 896 1775 subduxit,
921 1704 954 1760 et
971 1704 1084 1762 vocata
1102 1718 1226 1765 uxore:

161 1838 180 1870 »
202 1802 365 1888 Rescivit,
390 1802 521 1903 inquit,
543 1802 668 1892 Caesar,
685 1831 751 1875 non
772 1802 902 1879 siluisse
917 1833 969 1879 me
994 1833 1132 1897 arcana;
1148 1807 1226 1884 ideo

162 1949 181 1984 »
199 1918 285 1992 mori
302 1918 383 1990 mihi
401 1917 567 1992 decretum
584 1935 651 2005 est,
671 1935 733 1993 etc.
752 1952 769 1984 »

209 2033 314 2130 Quod
321 2033 395 2107 dein
406 2031 578 2130 subjungit
589 2031 800 2121 Plutarchus,
814 2035 968 2109 Munimn
979 2065 1099 2141 nempe
1108 2055 1227 2141 accepte

155 2148 263 2250 gladio
282 2150 409 2248 seipsam
427 2150 497 2221 viro
519 2175 619 2221 corum
642 2149 837 2237 interemisse,
855 2151 1048 2226 confutatur
1060 2181 1080 2227 a
1092 2155 1226 2245 Tacito,

161 2267 219 2368 qni
237 2264 357 2340 diserte
375 2281 538 2352 testatur,
562 2293 632 2337 eam
650 2262 784 2352 vixisse,
804 2281 836 2336 et
849 2265 979 2339 auditos
995 2267 1066 2365 ejus
1085 2270 1225 2364 gemitus

159 2382 196 2455 in
217 2382 331 2472 funere
347 2379 475 2468 mariti,
493 2380 544 2453 uti
558 2380 624 2479 jam
640 2377 767 2480 pridem
789 2382 903 2482 Lipsio
926 2400 1089 2459 notatum.
1120 2388 1227 2462 Taciti

163 2525 241 2571 vero
257 2495 319 2570 hac
340 2494 381 2568 de
403 2523 439 2569 re
463 2494 686 2570 testimonium
711 2496 847 2570 omnino
869 2497 1038 2572 confirmat
1061 2502 1227 2591 Ovidius,

161 2616 250 2687 Fast.
268 2611 328 2685 lib.
347 2612 395 2684 Vl
410 2609 494 2700 fiue;
525 2609 616 2710 quod
633 2638 719 2711 opus
737 2609 846 2685 trihus
863 2613 983 2686 abhinc
1001 2615 1098 2689 annia
1114 2618 1225 2695 edidit.

162 2728 290 2802 Ibidem
314 2726 401 2800 enim
427 2726 468 2798 ad
485 2722 640 2798 ultimum
662 2725 759 2798 Juntt
772 2727 857 2800 diem
875 2728 915 2801 de
938 2729 1061 2830 templu
1085 2734 1227 2809 Herculis

164 2845 328 2914 Musarum
341 2851 357 2928 ,‘
373 2840 464 2941 quod
482 2839 631 2913 'Marcus
651 2839 819 2941 Philippus
839 2839 852 2887 ⁴
871 2844 1035 2936 restituit,
1053 2876 1172 2945 agens,
1190 2850 1227 2925 de

163 2952 286 3026 Murcia
299 2971 456 3053 tanquam
468 2951 655 3028 adhucdum
668 2953 705 3025 in
718 2954 800 3029 vivis
812 2954 972 3056 loquitur,
986 2989 1035 3035 vs.
1049 2960 1226 3036 801-808:

427 3139 465 3151 ...
479 3099 516 3152 sic
528 3098 587 3154 Clio
599 3100 678 3156 :clari
688 3114 861 3157 monumenta
873 3106 984 3174 Philippi

357 3191 490 3261 Adspicis3
503 3191 574 3245 unde
589 3193 668 3247 trahit
678 3196 780 3248 Marce&
790 3206 857 3248 casta
870 3215 960 3266 genus.

325 3280 427 3334 Materia
437 3280 553 3337 sacrifico
565 3281 707 3337 deductum
721 3303 820 3338 nomen
833 3285 865 3338 ah
876 3287 951 3340 Anco
963 3305 973 3352 ,·

356 3373 388 3425 In
400 3390 450 3439 qua
460 3391 507 3441 par
516 3372 594 3427 facies
605 3373 740 3427 nobilitate
752 3394 805 3428 sua.

328 3462 381 3515 Par
391 3461 480 3515 animo
491 3483 596 3533 quoque
610 3465 695 3518 forma
706 3483 754 3518 suo
764 3466 906 3535 respondet
917 3469 944 3523 in
959 3468 1002 3524 illa
1015 3493 1022 3534 ς

360 3551 396 3605 Et
406 3572 502 3623 genus,
514 3566 541 3608 et
553 3556 647 3622 facies,
659 3556 847 3626 ingeniumque
857 3559 948 3628 simul,
961 3573 1010 3616 etc.

198 3688 207 3715 ⁸
225 3685 338 3737 Gnarum
350 3684 413 3754 legit
424 3685 531 3756 Lipsius.

199 3777 210 3807 ²
226 3774 282 3827 Lib.
293 3784 343 3849 cept
350 3776 495 3844 ἆδολίσχίας.

194 3863 205 3896 ³
221 3865 342 3920 stemate
354 3885 401 3935 pro
413 3870 518 3922 bladium
529 3888 633 3940 semper
646 3872 732 3926 habet.

194 3956 206 3992 ⁴
222 3956 332 4010 Sueton.
343 3955 387 4010 lib.
399 3958 441 4024 ll,
455 3978 510 4028 cap.
522 3981 571 4034 29,
586 3963 618 4016 ad
631 3981 710 4032 quem
721 3964 781 4019 vide
793 3965 927 4023 Torrentii
942 3981 997 4024 not
1012 3972 1056 4025 uhi
1075 3973 1164 4042 plures
1175 3973 1227 4027 lau·

164 4040 260 4092 dantur
276 4041 428 4111 scriptores,
446 4043 538 4110 quibus
549 4044 576 4097 id
588 4046 715 4116 ternplum
729 4048 781 4104 luit
793 4065 986 4118 memoratum,
1007 4054 1047 4106 uti
1060 4066 1087 4108 et
1100 4057 1203 4110 nummi
1218 4099 1225 4125 ,

163 4122 256 4185 quibus
274 4127 395 4179 Hercules
415 4127 544 4180 trusam
561 4127 686 4197 signatur.
704 4131 849 4202 Martialis,
865 4133 909 4189 lib.
926 4138 963 4202 V,
977 4137 1065 4208 Epigr.
1079 4142 1129 4207 So,
1149 4139 1225 4194 docet
