2768 4694
156 357 1213 405 Μ

284 523 326 585 ll.
344 518 482 581 JUSTI
505 510 824 576 GOTHOFREDI
845 509 1087 573 RABENERI

378 706 984 843 DISSERTATIO

175 970 251 1065 ns
276 969 463 1061 ovrnrr
486 964 713 1053 exsulo
739 964 810 1048 nr
836 963 1186 1051 snrutcuno

154 1347 205 1451 D
215 1393 273 1449 tto
290 1369 452 1471 imprimis
462 1367 496 1441 in
508 1367 574 1441 rita
588 1366 700 1441 Ovidii
715 1383 813 1454 sunt,
827 1394 900 1468 quae
914 1365 1016 1441 libera
1032 1371 1217 1470 opinaturis

159 1496 325 1599 reliquere
338 1488 595 1569 discordantium
607 1488 694 1563 inter
709 1517 743 1562 se
759 1506 933 1564 auctorum
949 1489 1106 1580 dissidia,
1125 1521 1220 1568 causa

159 1648 277 1722 nempe
295 1615 400 1693 exsilii
412 1631 446 1690 et
459 1612 639 1716 sepulture
650 1612 754 1688 locus.
770 1613 899 1688 Prioris
914 1633 1107 1714 pretextnm
1119 1618 1220 1692 fluisse

158 1742 264 1818 libros
280 1737 473 1824 amatorios,
491 1736 565 1838 ipse
582 1734 865 1837 perimuntur,
894 1753 928 1810 et
958 1757 1091 1814 excusat
1120 1739 1221 1837 elegia

157 1865 199 1941 atl
222 1867 430 1960 Augustum
447 1888 556 1935 reram
578 1876 689 1934 autem
707 1857 838 1960 culpam
854 1860 979 1960 trepide
997 1879 1031 1936 et
1045 1865 1131 1938 varie
1157 1866 1220 1937 cir-

159 1987 397 2090 cumloquitur.'
412 1988 510 2061 Nunc
530 1984 619 2057 enim
635 2009 778 2057 errorem
792 2001 889 2057 vocat
903 1982 1004 2059 Trist.
1024 1988 1076 2073 ll,
1097 2012 1164 2087 207
1181 2018 1189 2062 ε

317 2156 491 2214 Perdiderint
507 2174 589 2226 quum
600 2172 645 2209 me
659 2154 713 2208 (luo
724 2148 851 2222 crimina,
866 2177 973 2210 carmen
987 2168 1115 2224 eleetos,

351 2249 468 2304 Alterius
479 2247 540 2304 lacti
550 2248 625 2318 culpa
634 2246 736 2302 silenda
747 2246 819 2300 mihi.

161 2394 265 2468 Modo
280 2391 447 2468 sevidisse
464 2389 610 2490 aliquid,
627 2408 661 2465 ct
673 2391 771 2464 noxia
785 2390 907 2463 lumina
923 2393 1037 2468 secisse
1055 2393 1219 2492 queritur:

160 2515 262 2588 morlo
280 2513 427 2588 criminis
444 2512 495 2586 sui
514 2512 661 2587 curiosos
677 2514 822 2588 arbitros
839 2511 939 2612 plane
957 2511 1167 2614 deprecatur,
1185 2531 1224 2585 nt

163 2635 223 2707 lib.
239 2636 273 2707 ll
292 2635 331 2707 de
347 2637 482 2721 Ponto,
499 2650 554 2719 tx,
575 2632 641 2733 75:
726 2636 731 2643 ’

327 2804 362 2858 Et
374 2804 436 2873 quid
450 2814 576 2873 preterea
588 2805 715 2874 peccarim
727 2827 843 2878 querere
856 2806 918 2859 noli.

162 2953 308 3026 Tantum
326 2969 433 3024 tamen
449 2950 578 3036 abluit,
596 2967 635 3023 ut
650 2949 695 3023 ita
713 2952 869 3028 molestos
884 2952 947 3026 hos
962 2951 1115 3025 homines
1132 2980 1222 3026 amo·

164 3074 297 3162 licetur,
315 3092 353 3148 ut
370 3075 484 3175 potius
502 3072 678 3168 malignam
693 3070 824 3149 illorum
842 3072 1095 3149 sollicitudinem
1110 3102 1222 3149 accen·

165 3198 263 3274 leret.
283 3200 378 3273 More
396 3199 483 3272 enim
500 3195 623 3293 ingenii
639 3195 774 3273 humani
785 3198 931 3273 accidere
949 3196 1050 3287 solet,
1068 3216 1107 3271 ut
1124 3199 1158 3272 in
1173 3228 1224 3273 ve·

166 3322 261 3397 titum
279 3324 442 3410 nitamur,
461 3339 495 3394 et
507 3318 592 3392 nihil
605 3336 671 3393 tam
684 3317 799 3397 misere
811 3348 909 3394 nosse
922 3321 1110 3421 cupiamus,
1125 3349 1223 3421 quarn

168 3473 186 3519 a
202 3448 294 3547 cujus
311 3444 511 3520 conscientia
524 3443 751 3544 prohibemur.
765 3445 846 3516 lnde
857 3442 999 3543 factum,
1015 3462 1054 3517 ut
1069 3442 1224 3517 Sidonius

169 3566 367 3666 Apollinaris
389 3565 513 3642 Juliam
538 3567 691 3642 Corinna
717 3548 849 3641 nomine
875 3566 1016 3665 turpiter
1042 3565 1222 3638 traductam

170 3709 276 3790 poetae
290 3694 439 3767 nocuisse
459 3709 607 3791 putarem
627 3691 684 3767 alii
700 3689 971 3765 consuetudinem
982 3717 1060 3765 cum
1080 3691 1151 3788 ipsa
1167 3686 1224 3759 ha-

170 3813 285 3886 buisse
307 3842 315 3886 :
339 3815 522 3914 Opmeerus
539 3818 575 3889 in
592 3843 690 3890 omen
707 3813 826 3888 ruituri
853 3812 1030 3908 gentilismi
1047 3810 1224 3906 relegatum

171 3937 336 4021 crederet;
350 3934 448 4009 multi
457 3939 570 4022 etiam,
582 3937 806 4015 crudelitatem
819 3965 923 4038 poenae
935 3934 1098 4018 insectati,
1112 3933 1147 4004 in
1159 3933 1229 4003 vin·

170 4061 293 4134 dictam
311 4059 417 4132 adhuc
433 4059 614 4135 acerbiores
627 4059 836 4160 suspiciones
851 4073 1036 4142 armarent,
1062 4069 1094 4128 et
1116 4054 1226 4157 ipsum
