2768 4694
453 327 521 393 ΕΤ
546 326 925 395 PRAEFATIONES.
1159 329 1221 395 301

155 473 323 559 rationes,
340 496 431 570 quae,
448 485 567 569 praeter
582 468 740 543 hacteuus
749 467 893 555 adlatas,
912 467 953 541 ad
968 467 1159 543 istiusmodi
1174 470 1225 543 fa·

154 585 313 661 bularum
335 599 519 658 commenta
540 581 668 683 primos
692 580 912 683 philosophos
935 579 1090 655 ridentur
1116 583 1228 683 impu-

157 700 246 776 lisse.
257 701 347 774 luter
356 725 457 799 quas,
473 713 553 770 suut
566 695 623 795 qui
639 724 707 768 non
720 714 918 797 postremam
931 694 1033 768 fuisse
1041 712 1229 784 autument,

157 833 344 918 respectum
363 811 561 915 praestantia
581 838 618 883 ac
636 810 822 887 nobilitatis
846 810 1074 898 scientiarum,
1095 811 1230 910 quasin

158 928 277 1025 vulgus
302 926 422 1028 prodi,
445 942 545 1025 atque
565 924 722 997 omnibus
745 924 915 1026 patefieri,
940 922 1033 997 nesae
1054 925 1229 1025 putabant.

156 1046 271 1142 Quum
290 1040 377 1119 euim
395 1038 558 1115 occultam
587 1036 846 1139 philosophandi
869 1038 1029 1114 rationem
1055 1039 1161 1113 Graeci
1186 1039 1228 1114 ab

159 1162 329 1263 AEgyptiis
342 1159 550 1259 adcepissent
557 1213 569 1245 ,
584 1156 839 1257 haudquaquam
853 1156 1030 1231 voluerunt
1052 1185 1103 1230 res
1125 1158 1232 1231 admi-

161 1277 286 1353 rabiles
302 1278 338 1351 iu
355 1274 476 1370 vulgus
492 1272 665 1373 profanum
685 1273 788 1360 exire,
808 1273 898 1374 quod
917 1271 967 1346 vel
985 1272 1051 1347 illis
1067 1302 1135 1348 nou
1154 1276 1232 1350 satis

165 1391 333 1492 perceptis
350 1417 369 1462 a
385 1388 506 1489 pietate
522 1385 723 1460 desciturum
740 1406 826 1476 erat,
844 1385 896 1459 vel
914 1386 1035 1461 mentis
1052 1386 1232 1462 hebetioris

164 1506 249 1580 vitio
266 1505 393 1582 easdem
410 1504 671 1606 depravatorum.
690 1502 980 1599 Quemadmodum
995 1501 1082 1576 enim
1099 1503 1229 1593 viuum,

165 1620 377 1721 quantumvis
395 1646 606 1713 generosum,
625 1614 717 1690 dolio
735 1617 883 1691 infusum
904 1645 974 1690 non
993 1611 1139 1705 siucero,
1156 1647 1233 1692 coa·

164 1735 268 1810 cescit
279 1751 377 1835 atque
391 1733 618 1835 corrumpitur
632 1763 640 1805 :
655 1733 699 1806 ita
713 1732 885 1818 doctrina,
903 1732 1013 1805 animo
1026 1732 1181 1807 imbibita
1192 1734 1235 1807 ad

163 1848 406 1951 percipiendam
417 1846 506 1921 illam
515 1874 633 1948 parum
645 1844 925 1933 desecanda-rbem
937 1846 1113 1921 contrahit.
1129 1848 1234 1944 Quod

165 1994 243 2040 saue
258 1995 321 2040 usu
334 1966 459 2042 venisse
469 1964 631 2066 apertiore
644 1962 700 2036 illa
712 1979 812 2062 atque
821 1963 977 2037 omnibus
992 1964 1143 2064 exposita
1154 1963 1234 2065 phi-

165 2078 363 2182 losophandi
380 2083 530 2170 ratione,
551 2097 690 2154 testatur
707 2097 972 2153 consecuturam
988 2077 1234 2181 disciplinamm

166 2196 370 2300 depravatio,
389 2227 461 2297 quae
478 2224 636 2297 processu
664 2195 842 2296 temporis,
860 2197 1005 2272 scientiis
1022 2196 1182 2299 paulatim
1197 2228 1237 2272 ex

166 2310 241 2384 rudi
257 2311 292 2385 in
309 2311 426 2385 rudius
443 2310 613 2405 ingenium
637 2311 730 2409 quasi
752 2339 813 2411 per
834 2339 950 2386 manus
967 2311 1115 2398 traditis,
1132 2312 1238 2409 major

166 2425 202 2497 in
215 2424 286 2499 dies
298 2426 412 2512 evasit,
422 2425 570 2525 adeoque
582 2426 716 2501 adaucta
727 2444 796 2513 est,
810 2441 848 2498 ut
856 2445 969 2499 nostra
980 2443 1074 2499 atate
1083 2426 1136 2497 rix
1148 2424 1238 2498 cmlv

168 2539 310 2639 aliquod
325 2571 452 2617 merum
469 2559 569 2642 atque
595 2544 754 2618 intactum
779 2543 921 2643 reperire
944 2543 988 2615 sit
1011 2542 1045 2613 iu
1068 2559 1236 2642 promptu.

171 2656 340 2753 Quocirca
357 2658 441 2730 hanc
459 2657 679 2731 doctrinarum
695 2657 914 2758 corruptelam
930 2658 1099 2743 evitaturi,
1115 2685 1175 2759 per
1189 2658 1235 2732 sa-

169 2768 269 2844 bulas
285 2770 516 2874 philosophari
533 2791 721 2873 ceperunt,
739 2775 922 2876 harumque
938 2776 1173 2870 integumentis
1185 2804 1236 2850 sa·

170 2888 305 2991 pientia
315 2891 468 2991 mysteria
478 2889 617 2964 mirifico
630 2890 767 2966 artificio
773 2893 974 2967 abdiderunt
985 2925 992 2967 :
1004 2921 1076 2993 qua
1088 2912 1239 2994 paterent

173 3023 273 3107 atque
286 3006 382 3080 obvia
400 3025 508 3083 esseut
521 3007 690 3103 castigatis
702 3007 1008 3106 duntaxatingeniis
1020 3069 1029 3100 ,
1041 3011 1239 3114 minimeque

176 3120 217 3195 ad
235 3120 470 3199 adulterandas
498 3124 572 3199 illas
593 3152 631 3197 ac
657 3126 924 3201 contaminandus
946 3127 1153 3229 comparatis.
1184 3128 1239 3202 Ad

174 3242 427 3316 conservandam
441 3240 545 3338 igitur
561 3241 646 3315 hanc
659 3240 881 3344 philosophia
896 3240 1030 3317 illibata
1045 3245 1237 3346 puritatem,

175 3356 399 3434 adhibuerunt
416 3361 512 3434 etiam
530 3358 669 3435 alterum
692 3359 892 3446 remedium,
912 3361 1003 3461 quod
1021 3360 1086 3436 illis
1103 3361 1239 3437 accessit

176 3472 218 3545 ab
237 3476 382 3549 oratioue
404 3505 600 3575 numerosa,
622 3504 658 3550 ac
676 3475 798 3577 pedum
815 3475 955 3550 vinculis
975 3476 1142 3574 adligata,
1166 3505 1239 3576 quae

179 3609 350 3692 poetarum
367 3612 417 3669 est
432 3595 577 3695 propria.
607 3592 852 3667 Existimabam
868 3591 974 3680 euim,
993 3594 1084 3693 quod
1099 3620 1150 3666 res
1166 3607 1239 3679 est,

178 3707 361 3782 doctrinam
378 3709 417 3782 de
435 3728 550 3784 natura
561 3766 572 3799 ,
585 3709 751 3810 rebusque
767 3706 924 3797 occultis,
942 3739 1006 3784 uua
1024 3738 1096 3783 cum
1110 3735 1239 3783 morum

177 3820 307 3895 ratione
321 3822 484 3912 universa,
502 3824 651 3902 versibus
674 3824 958 3924 comprehensam,
977 3854 1045 3898 uon
1068 3821 1167 3896 modo
1188 3850 1240 3895 ar-

180 3939 267 4015 ctius
291 3940 453 4014 memoria
468 3939 604 4017 infixum
619 3943 683 4032 iri,
700 3939 758 4016 sed
775 3940 872 4015 etiam
891 3940 1050 4042 temporis
1066 3937 1240 4038 iujuriam,

179 4057 271 4160 quod
290 4055 399 4132 omnia
422 4072 529 4132 mutat
542 4075 641 4159 atque
657 4058 785 4149 abolet,
803 4059 913 4133 minus
927 4058 962 4132 iu
978 4055 1068 4131 illam
1081 4056 1164 4157 juris
1179 4057 1241 4130 ha·
