2768 4694
491 317 585 385 PER
606 319 643 383 J.
670 314 897 384 MASSON.
1167 321 1230 414 ¹93

159 461 245 536 simo
260 455 425 532 Bucherio
445 464 454 495 ¹
474 456 582 530 visum
600 472 669 543 est;
694 454 817 530 rectius
842 483 919 530 sane
939 483 1038 557 quum
1063 456 1105 531 cl.
1132 462 1235 536 Nori·

159 578 211 652 sio
230 585 263 665 ²,
287 573 363 676 qui,
389 570 448 648 illo
464 573 572 646 Taciti
590 570 663 646 loco
688 573 845 662 recitato,
873 571 958 649 male
976 574 1024 649 sic
1040 575 1232 654 concludit:

158 693 267 794 Igitur
275 690 368 766 luth
382 689 414 762 iu
429 688 575 763 exsilium
589 687 748 788 deportata
757 688 823 782 ficit
834 717 885 762 au.
913 690 957 763 U.
977 688 1015 764 C.
1036 709 1175 767 ltcctxt.
1195 693 1235 769 ld

158 809 295 910 insuper
309 806 410 881 uobis
425 833 495 881 non
509 804 647 879 omnino
662 802 831 904 displicet,
849 804 941 905 quod
951 805 1139 883 Bucherius
1153 809 1237 884 sub-

154 924 284 1026 jungit,
303 950 380 996 cum
395 920 488 996 Julie
501 948 621 1021 nempe
639 920 800 994 Ovidium
818 949 970 1023 quoque,
990 951 1051 998 ceu
1067 923 1236 1001 adultero-

157 1071 231 1118 rum
249 1039 472 1127 sufflatorem,
489 1035 755 1125 aucensium,
776 1035 818 1110 ab
838 1038 993 1136 Augusto
1009 1040 1138 1116 Tomos
1153 1070 1235 1145 pro-

114 1167 127 1187 '
156 1162 280 1261 jectum
297 1185 380 1233 esse.

208 1278 399 1349 innocuum
412 1288 519 1345 tumen
528 1297 659 1370 semper
670 1297 705 1343 se
716 1289 871 1371 prestare
882 1271 1012 1347 nititur.
1023 1275 1122 1350 Unde
1131 1277 1232 1350 Trist.

162 1388 224 1464 tib.
242 1391 297 1480 ll,
315 1387 419 1478 canit,
434 1415 514 1462 vers.
532 1414 555 1487 9
574 1402 608 1459 et
630 1410 694 1459 10:

326 1527 411 1582 Deme
424 1525 489 1580 mihi
498 1525 618 1580 studium
628 1564 636 1591 ,
648 1530 706 1579 vite
716 1546 821 1596 quoque
831 1532 938 1582 cn'nu'aea
947 1527 1038 1583 demes
1051 1548 1058 1580 ε

357 1619 502 1688 Acceptum
514 1615 604 1671 refero
616 1617 751 1684 versibus,
764 1637 819 1671 esse
832 1637 940 1673 nocens.

163 1735 451 1812 Lih.11e11³0nt
469 1736 533 1836 Ep.
553 1754 612 1821 tx,
634 1733 730 1835 Cotyi
748 1734 852 1830 Regi,
870 1761 952 1808 vers.
971 1733 1109 1836 67-76:

325 1884 386 1938 Nou
398 1902 449 1953 ego
461 1882 530 1938 uode
543 1901 642 1937 nocem
654 1882 683 1934 in
693 1881 804 1936 Pontica
817 1880 893 1935 litora
907 1882 984 1947 veni;

356 1973 469 2028 Mistave
479 1984 542 2028 suut
554 1984 645 2029 nostru
658 1972 715 2026 dira
726 1991 829 2026 venena
844 1990 941 2026 manu:

324 2064 381 2120 Nec
392 2083 452 2119 mea
465 2064 582 2134 subiecta
592 2063 713 2119 convicte
724 2072 763 2117 est
775 2081 879 2132 gemma
892 2062 987 2117 tabella

359 2156 521 2212 Mendecem
531 2156 590 2212 linis
600 2154 755 2227 imposuisse
767 2167 866 2209 notam.

321 2248 380 2303 Nec
392 2247 553 2317 quidquam,
565 2249 634 2318 quod
648 2253 704 2317 Iege
713 2257 783 2301 veter
792 2248 974 2316 committere,
986 2249 1046 2306 teci.

360 2341 398 2393 Et
410 2350 499 2392 tamen
510 2339 550 2393 his
562 2341 741 2410 graviorum
752 2338 861 2393 fatenda
872 2338 937 2394 mihi
948 2347 995 2395 est.

323 2433 399 2487 Neve
411 2449 487 2499 roges
501 2430 564 2498 quid
575 2431 622 2495 sit3
636 2431 743 2486 stultam
756 2429 955 2498 conscripsimus
963 2431 1066 2485 Artem:

358 2523 492 2576 innocuas
503 2519 578 2574 nobis
590 2520 645 2576 hac
656 2533 725 2578 vetut
735 2542 791 2577 esse
804 2538 906 2575 manus.

326 2611 430 2684 Ecquid
441 2621 571 2682 pratens
585 2613 729 2682 mecerin,
741 2631 862 2684 querere
874 2610 946 2665 noli:

357 2703 399 2758 Ut
409 2713 496 2772 pateat
507 2705 566 2756 sola
576 2701 651 2772 culpa
660 2703 707 2758 snb
719 2708 783 2760 Arte
793 2722 862 2757 mea.

163 2823 252 2918 Lege
270 2837 303 2893 et
317 2817 418 2892 Trist.
438 2816 496 2891 tib.
515 2819 574 2904 IV,
592 2815 686 2914 Eleg.
704 2837 757 2910 lv,
773 2849 856 2894 vers.
877 2818 1012 2913 35-44,
1028 2837 1090 2909 etc.

211 2937 306 3037 Quin
321 2936 420 3011 etiam
436 2955 469 3009 ct
485 2935 590 3036 ipsam
609 2936 723 3009 Artem
741 2937 935 3010 Amatorimn
958 2933 1037 3011 totis
1067 2934 1226 3013 viribusu

166 3057 296 3131 crimine
309 3053 472 3139 vindicat,
486 3051 588 3125 Trist.
601 3047 660 3123 lib.
678 3050 733 3136 ll,
747 3048 805 3124 ubi
819 3079 922 3151 quum
936 3079 984 3125 vs.
999 3077 1068 3125 211
1089 3069 1122 3126 ct
1135 3079 1223 3145 212,

167 3171 321 3248 dixisset:

326 3292 420 3347 Altera
430 3310 490 3362 pm
501 3297 637 3359 superest,
650 3306 700 3357 qus
713 3286 782 3356 urps
792 3288 902 3344 erimine
914 3299 996 3346 uetus
1089 3330 1092 3337 -

356 3383 464 3453 Arguoc
474 3381 589 3436 obscseni
600 3378 693 3434 doctor
704 3377 840 3434 adulterii:

168 3519 261 3602 atque
276 3500 493 3603 sequentibus
505 3525 619 3574 causas
631 3515 833 3587 enarrasset,
848 3526 908 3571 cur
922 3499 1075 3597 Augusto
1088 3530 1156 3575 non
1171 3529 1224 3573 va-

170 3633 271 3688 casset
286 3619 397 3690 Artem
414 3612 504 3687 illum
520 3611 647 3709 legem
665 3611 758 3686 addit
773 3636 855 3685 vers.
876 3611 946 3711 239
965 3640 1052 3715 sqq:

328 3761 365 3814 At
378 3760 415 3828 si,
427 3759 498 3830 quod
510 3759 632 3828 mallem,
648 3774 744 3814 vacuus
752 3758 860 3812 fortem
871 3757 981 3826 fuisses,

361 3853 463 3906 Nullan
474 3851 576 3922 legisses
587 3857 680 3908 σήπει
690 3850 718 3907 iu
729 3851 794 3905 Arte
803 3867 870 3904 mec.

201 4000 209 4030 ¹
227 3993 300 4064 Beig.
314 3993 392 4048 Rom.
404 4011 461 4063 pap
473 4012 527 4048 ιω.
593 4032 602 4040 »

201 4089 213 4117 ²
229 4086 271 4140 De
285 4083 380 4139 Cenot.
394 4080 447 4138 Pis
458 4102 512 4155 pag.
525 4085 581 4155 ²47·

285 4185 402 4260 VIII.
