2768 4694
162 361 224 430 ¹90
483 336 523 399 P.
550 334 733 402 OVIDII
757 333 898 402 VITA·

155 507 216 579 per
232 477 320 549 varia
336 501 471 548 munera
486 491 651 573 peractum
664 473 780 558 luisse,
798 489 831 545 et
847 470 912 572 ipsi
930 471 1084 565 Augusto
1101 471 1228 575 proba-

158 614 242 680 tam,
262 621 365 694 quum
383 591 535 692 equitum
552 608 675 666 turmas
690 605 959 685 recognosceret,
977 587 1071 689 quod
1092 607 1127 662 et
1153 608 1230 690 post

157 741 209 786 au.
228 713 270 784 U.
292 711 329 784 C.
348 725 466 782 occul
484 706 624 793 fuctum,
643 735 679 781 ac
696 706 838 808 proinde
852 703 1059 805 poddeho,
1082 704 1230 799 Augusti

155 825 247 913 liliae,
266 821 516 921 relegationem,
533 821 583 895 uti
605 819 647 896 ad
669 850 745 896 eum
765 849 889 896 anuum
914 819 1108 908 docuimus;
1137 819 1229 895 addit

154 943 296 1030 Noster,
314 966 396 1012 vers.
416 935 575 1038 97-108:

322 1088 369 1141 Me
381 1085 521 1140 miseruml
534 1083 623 1155 potui,
635 1083 656 1138 si
667 1103 723 1138 non
736 1098 872 1138 uxrem
886 1093 1029 1149 nocerent,

352 1178 458 1233 Judicio
469 1175 540 1230 tutus
552 1195 607 1230 non
618 1176 698 1230 semel
711 1196 766 1230 esse
779 1187 832 1229 tuo.

322 1271 441 1324 Uersus
452 1287 495 1322 me
508 1268 623 1337 perdunt
638 1287 645 1329 ;
665 1268 771 1336 imoque
784 1268 832 1321 suh
843 1283 946 1335 equore
957 1266 1053 1337 mergit

351 1359 516 1414 Incolumem
530 1363 606 1413 lotr'es
619 1377 672 1410 uua
683 1357 794 1427 procella
805 1368 897 1410 ratem.

322 1450 379 1503 Nec
389 1448 453 1501 mihi
466 1467 524 1517 pare
536 1447 626 1500 nocuit
637 1446 670 1499 de
682 1448 782 1521 gurgite
799 1467 876 1515 parva
888 1467 894 1499 :
904 1446 949 1500 sed
962 1465 1054 1500 omnes

355 1540 477 1592 Pressere
489 1537 539 1592 hoc
549 1537 645 1590 fluctus
658 1535 835 1606 Oceanusque
846 1547 933 1606 eaput.

281 1679 285 1690 ,
322 1628 380 1683 Cur
392 1628 489 1698 aliquid
501 1631 579 1683 vidi?
590 1648 638 1682 cur
647 1632 726 1682 noxia
737 1631 834 1680 luserim
848 1627 900 1681 leci
912 1627 924 1681 ?

357 1719 414 1772 Cur
427 1718 589 1787 imprudenti
600 1717 704 1787 cognite
714 1721 790 1786 culpa
800 1716 887 1772 milii?

321 1809 420 1864 Inscius
431 1808 542 1863 Actoeon
553 1807 619 1862 vidit
629 1808 686 1862 sine
699 1820 769 1864 veste
783 1808 914 1862 Dianam:

352 1899 445 1954 Praeda
456 1900 507 1953 suit
518 1899 625 1954 canibus
636 1919 691 1952 non
703 1899 791 1954 miuus
803 1895 844 1953 ille
856 1901 916 1954 suis.

322 1990 426 2044 Scilicet
437 1992 464 2044 in
476 1992 576 2057 Superis
588 1990 780 2060 etiamsortuna
790 1991 887 2045 luenda
901 2003 956 2056 est,

352 2084 408 2136 Nec
419 2081 522 2135 veniam
536 2082 595 2136 loeso
608 2083 719 2138 numine
730 2103 806 2138 casus
817 2082 904 2138 hebet.

159 2202 211 2274 Ex
224 2198 346 2299 quibus
360 2199 484 2298 pariter
497 2199 579 2272 mihi
595 2199 709 2273 videor
721 2197 873 2296 colligere
887 2201 936 2275 sas
950 2231 1040 2290 esse,
1065 2216 1109 2277 1⁰.
1128 2203 1222 2280 illum

159 2343 316 2402 errorem,
335 2311 520 2414 culpamve,
540 2315 634 2412 cujus
658 2315 780 2388 inscius
805 2319 894 2390 Naso
919 2346 994 2392 reus
1020 2319 1125 2393 lactus
1151 2339 1221 2406 est,

158 2431 351 2526 Augustum
367 2426 501 2529 speciali
516 2430 616 2503 modo
634 2428 797 2524 tetigisse3
815 2431 978 2531 siquidem
991 2436 1112 2507 Noster
1125 2464 1224 2510 suum

160 2573 272 2620 casum
286 2542 452 2617 Actaeonis
465 2542 647 2619 infortunio
661 2543 842 2634 adsimile,
859 2576 896 2621 oc
911 2546 995 2622 clare
1008 2547 1149 2636 indicat,
1163 2579 1224 2626 suo

162 2688 296 2761 quoque
314 2689 424 2736 errore
439 2691 546 2736 numen
563 2689 633 2735 esse
649 2659 781 2749 lesum,
799 2663 862 2736 hoc
879 2681 944 2752 est,
962 2664 1071 2766 ipsum
1088 2668 1225 2762 Augus·

160 2795 252 2862 tum,
271 2805 369 2875 quem
391 2777 513 2877 passim
536 2794 575 2849 ut
598 2804 741 2876 presens
765 2807 886 2853 numen
912 2798 1083 2856 veneratur
1099 2791 1120 2854 ¹.
1149 2785 1223 2857 Hoc

159 2892 267 2990 ipsum
284 2892 419 2992 insuper
436 2911 528 2992 patet
542 2921 582 2969 ex
596 2922 678 2969 vers.
699 2921 808 2996 207-2
816 2923 858 2969 ro
872 2926 881 2969 ε

321 3037 490 3092 Perdiderint
503 3057 586 3108 quum
598 3059 642 3094 me
654 3057 711 3097 ouo
723 3042 832 3096 crimim
842 3083 850 3110 ,
862 3062 969 3097 enruoen
980 3055 1007 3098 et
1019 3064 1108 3112 error3

354 3129 469 3183 Alterius
479 3129 541 3184 laeti
552 3134 627 3199 culpa
639 3137 737 3188 silenda
747 3133 821 3187 mihi.

321 3219 391 3273 Nam
402 3239 457 3273 non
470 3240 529 3274 sum
541 3222 621 3289 tenti,
632 3234 662 3276 ut
675 3243 801 3277 renovem
811 3233 856 3277 tua
868 3227 986 3288 uulnera,
1002 3225 1106 3294 Caesar;

351 3310 443 3379 Quem
456 3313 539 3368 nimio
550 3313 607 3383 plue
617 3324 657 3368 est
669 3314 807 3370 indoluisse
819 3314 915 3383 semel,
928 3329 975 3371 etc,

159 3455 236 3529 quae
246 3429 417 3528 perspicue
436 3429 573 3522 docent,
590 3432 643 3521 id,
668 3433 758 3534 quod
781 3435 921 3510 Ovidius
944 3436 1086 3528 viderat,
1109 3455 1220 3514 tanto-

158 3572 234 3645 pere
251 3545 439 3639 Augustum
456 3548 665 3647 spectavisse,
682 3568 720 3623 ut
731 3549 823 3624 hicce
836 3551 989 3653 princeps
1000 3553 1076 3626 inde
1090 3555 1222 3630 voluero

159 3664 335 3763 acceperit,
355 3664 478 3763 quibus
502 3665 709 3741 vehementer
731 3667 925 3745 indoluerat.
955 3672 1084 3746 Clarius
1112 3674 1221 3748 adhue

192 3842 202 3871 ¹
220 3838 289 3909 Lege
301 3837 341 3891 vel
349 3837 430 3912 ejusd.
442 3837 485 3892 lib.
499 3859 563 3894 vers.
575 3842 622 3913 39,
637 3845 670 3910 40
679 3852 706 3896 et
715 3844 762 3910 54,
775 3843 818 3896 ubi
830 3844 862 3897 ad
875 3847 1024 3916 Augustum
1035 3847 1070 3900 ait
1081 3867 1108 3900 se
1117 3849 1221 3916 jurare:

162 3943 175 3961 ’τ
188 3922 243 3974 Per
255 3933 280 3976 te
293 3934 449 3992 presentem
460 3924 682 3995 conspicuumque
693 3925 798 3979 Deum:
814 3951 826 3973 ν
838 3939 914 3999 atque
923 3951 989 3984 vers.
1003 3933 1134 3986 213-218:
1147 3935 1219 3986 sicet

161 4000 203 4052 lib.
216 4002 274 4068 lll,
292 4002 363 4074 Eleg.
375 4021 401 4072 1,
416 4024 481 4058 vem.
493 4005 592 4072 35-40,
604 4010 634 4076 78
647 4029 653 4070 ;
667 4007 738 4077 Eleg.
750 4025 788 4075 ιι,
802 4030 866 4063 vers.
879 4013 926 4076 28;
941 4013 1013 4082 Eleg.
1024 4031 1051 4079 v,
1060 4033 1124 4067 vers.
1134 4015 1216 4080 7-26:

160 4082 202 4134 lib.
216 4085 266 4150 IV,
281 4086 353 4154 Eleg.
366 4105 404 4152 ιν,
417 4107 482 4142 vers.
498 4108 527 4160 ¹9
538 4100 565 4141 et
580 4108 611 4142 20
621 4110 628 4157 ς
640 4090 683 4144 ΙὶΙ).
699 4092 732 4144 V·
746 4091 818 4163 Eleg.
831 4111 869 4162 u,
883 4115 947 4151 vers.
960 4098 1008 4160 3⁵,
1021 4107 1069 4150 etc.
