2768 4694
454 340 518 404 nr
544 336 916 405 rnnrarronns.
1156 365 1220 431 ²97

154 478 347 562 condonato,
359 475 549 550 occententio
550 475 733 572 sedulorum
742 477 901 549 rbuolncn‘s
908 490 1027 549 tectum.
1045 477 1128 572 Quae
1145 477 1225 550 defi·

155 597 253 682 nitio,
264 623 364 696 quum
374 594 445 693 ejus
456 592 548 694 quod
558 591 714 665 delinitur
722 610 871 666 naturam
881 611 1050 695 utcunque
1059 593 1223 695 explanet,

156 711 291 785 minime
306 708 437 783 ridetur
451 707 683 808 adspernanda
700 737 708 780 :
726 709 853 783 tametsi
867 708 1034 810 pleniores
1048 709 1105 784 illa
1125 728 1224 812 atque
1308 774 1312 781 .

156 822 393 898 luculentiores
408 838 540 895 exstent
554 849 655 920 quum
669 819 811 894 aliorum
824 822 1047 911 definitiones,
1062 840 1132 897 tum
1146 822 1224 897 Pla-

158 940 245 1015 tonis
258 937 432 1040 inprimis,
451 964 533 1036 quas
545 936 611 1009 hnc
621 935 809 1009 adscribere
817 938 988 1037 presentis
1002 939 1148 1013 instituti
1159 969 1226 1014 non

156 1075 217 1133 est
229 1059 280 1130 Ac
290 1055 440 1156 poetices
450 1052 590 1126 notione
601 1053 834 1152 comprehendi
846 1082 1060 1155 quaecumque
1073 1054 1230 1130 doctrinas

158 1193 193 1249 et
202 1173 402 1248 eruditionis
412 1169 631 1271 adpellatione
639 1189 831 1259 censentur,
844 1173 908 1246 boc
919 1191 986 1260 est,
999 1201 1127 1246 omnem
1143 1174 1230 1274 opti-

160 1316 288 1363 mamm
305 1314 416 1361 rernm
431 1286 653 1382 cognitionem
675 1303 774 1386 atque
796 1287 1041 1374 tractationem,
1058 1287 1149 1387 qnod
1168 1287 1230 1361 sci·
1309 1300 1312 1305 '
1342 1295 1349 1328 s

162 1405 242 1479 licet
258 1421 309 1478 est
326 1403 471 1477 studium
489 1403 679 1504 sapientie,
710 1402 833 1477 Grecis
857 1404 1034 1492 φιλοσοφίαι,
1052 1403 1140 1478 inter
1158 1434 1230 1479 eru-

163 1520 257 1595 ditos
272 1535 423 1594 constare
432 1517 545 1604 ride03
560 1517 645 1590 sicut
660 1545 766 1619 neque
780 1517 820 1591 de
831 1546 870 1591 eo
882 1512 1057 1618 disceptari
1070 1520 1230 1609 arbitror,

165 1637 255 1740 qnod
276 1637 392 1712 Cicero
410 1634 594 1711 adfirmavit
611 1635 701 1736 apud
729 1634 882 1721 Grecos,
908 1663 927 1706 a
951 1635 1075 1734 quibus
1100 1629 1229 1711 omnem

165 1754 517 1831 humanitatislaudem
524 1754 635 1828 Latini
648 1753 813 1854 adcepere,
824 1751 1089 1851 antiquissimum
1098 1782 1115 1827 e
1124 1753 1231 1828 doctis

164 1900 234 1947 esse
252 1900 356 1969 genus
370 1889 564 1973 poetarum
585 1863 657 1970 qne
672 1869 760 1943 enirn
777 1866 992 1955 Aristoteles,
1008 1868 1167 1965 singulari
1179 1856 1234 1974 'vir

164 1989 316 2085 ingenio,
333 2006 433 2089 atque
450 1984 593 2060 scientie
610 1985 706 2086 copia
724 1981 925 2071 admirabili;
947 2013 1018 2084 que
1031 2003 1106 2060 ante
1123 1975 1232 2086 ipsum

165 2102 296 2178 divinus
312 2102 432 2189 Plat03
449 2104 533 2202 ¹qnae
545 2101 688 2202 deniqne
708 2118 851 2201 utroque
874 2099 1093 2200 antiquiores,
1113 2099 1235 2175 Thales

166 2219 305 2305 ionica,
323 2235 356 2290 et
382 2217 589 2316 Pythagoras
611 2217 730 2292 italicae
756 2215 975 2318 philosophie
1003 2206 1237 2320 princeps,‘de

167 2336 260 2422 Deo,
275 2334 316 2406 de
332 2332 515 2406 animarum
527 2333 789 2419 immortalitate,
808 2332 849 2405 de
866 2352 991 2407 naturae
1008 2333 1233 2416 obscuritate,

168 2448 209 2521 de
226 2448 294 2519 vita
310 2474 347 2520 ac
363 2445 513 2519 moribus
528 2445 772 2533 disseruerunt,
797 2445 965 2546 literisque
991 2444 1212 2546 prodiderunt
1226 2473 1234 2529 ;

172 2587 209 2632 ea
224 2586 294 2630 non
310 2558 460 2660 ipsorum
471 2559 573 2633 fuisse
584 2559 730 2648 inventa,
748 2559 805 2633 sed
820 2559 877 2659 qui
893 2558 1021 2658 aliquot
1040 2586 1099 2630 eos
1116 2554 1236 2631 seculis

170 2690 419 2747 antecesserunt
427 2691 614 2773 poetarum,
630 2676 773 2777 Orpbei,
786 2675 904 2749 Mnsaei
914 2731 923 2762 ,
934 2675 1011 2750 Lini
1023 2730 1032 2761 ,
1044 2691 1143 2774 atque
1153 2674 1236 2749 adeo

171 2786 311 2862 Homeri
323 2786 428 2887 ipsius
442 2788 605 2862 exstitisse
617 2789 787 2886 domata,
805 2790 942 2891 planum
952 2788 1022 2862 lieri
1034 2806 1156 2889 potest.
1168 2791 1237 2863 Ne-

172 2931 237 3004 que
260 2932 331 2977 non
352 2900 435 2976 illud
460 2903 670 2977 manifestum
693 2922 764 2994 est,
789 2907 952 3007 poeticam
977 2906 1198 2983 elocutionem
1219 2940 1236 2984 a

172 3050 322 3097 sermone
338 3021 500 3122 pedestri,
520 3020 578 3122 qui
600 3020 811 3123 philosophis
835 3042 885 3097 est
908 3024 1097 3114 familiaris,
1117 3027 1239 3104 discre-

172 3169 249 3243 pare
265 3140 477 3241 potissimum
493 3141 540 3230 sq?
552 3139 649 3225 elder,
670 3137 808 3215 faciente
822 3140 908 3215 inter
921 3142 1011 3216 bunc
1024 3161 1056 3217 et
1067 3141 1157 3217 illam
1168 3144 1238 3219 dis·

174 3255 293 3329 crimen
304 3253 503 3328 elocutionis
514 3252 620 3326 forma
630 3307 640 3340 ,
651 3251 795 3342 bocest,
805 3272 927 3342 metro,
942 3255 1125 3345 sirerersu,
1141 3286 1237 3359 quern

175 3368 420 3443 aconcinnitate
434 3384 568 3454 cantus,
583 3394 680 3466 quarn
695 3365 800 3442 Graeci
813 3369 950 3465 tippulae
963 3371 1153 3459 nominant,
1169 3400 1238 3445 car-

175 3511 248 3557 men
271 3502 514 3586 nuncnparunt.
542 3484 619 3557 Haec
645 3483 748 3579 igitur
772 3501 810 3557 nt
830 3482 881 3557 vel
896 3485 1052 3581 mdiocri
1071 3487 1238 3560 literarum

177 3599 364 3693 cognitione
379 3599 517 3674 imbutis
535 3627 604 3673 non
622 3597 791 3693 incognita
807 3625 878 3672 esse
898 3601 1051 3675 existimo
1070 3631 1078 3675 :
1100 3602 1147 3674 ita
1170 3627 1238 3672 non

177 3740 269 3812 eque
291 3713 463 3800 omnibus,
490 3739 564 3787 meo
593 3712 727 3815 quidem
741 3712 890 3812 judicio,
914 3718 1071 3817 exposite
1089 3732 1168 3788 sunt
1188 3743 1241 3788 ra-

178 3829 305 3916 tiones,
324 3826 446 3928 quibns
460 3828 609 3905 adductae
625 3847 771 3904 veterum
790 3831 973 3930 sapientum
999 3829 1150 3916 lamiliae,
1177 3832 1241 3904 Dei

178 3941 296 4044 optimi
318 3940 450 4015 maximi
470 3970 507 4016 ac
524 3961 646 4018 nature
663 3943 818 4046 mysteria
840 3945 1026 4020 fabularum
1050 3947 1244 4018 commentis

179 4056 456 4159 comprehendere
471 4075 569 4159 atque
583 4052 750 4136 occultare
764 4060 963 4137 studuerint.
989 4061 1041 4135 De
1064 4058 1186 4160 quibus
1209 4062 1246 4136 in
