<?xml version="1.0" encoding="UTF-8"?>
<!DOCTYPE html PUBLIC "-//W3C//DTD XHTML 1.0 Transitional//EN"
    "http://www.w3.org/TR/xhtml1/DTD/xhtml1-transitional.dtd">
<html xmlns="http://www.w3.org/1999/xhtml" xml:lang="en" lang="en">
 <head>
  <title>
</title>
<meta http-equiv="Content-Type" content="text/html;charset=utf-8" />
  <meta name='ocr-system' content='tesseract 3.04.00' />
  <meta name='ocr-capabilities' content='ocr_page ocr_carea ocr_par ocr_line ocrx_word'/>
</head>
<body>
  <div class='ocr_page' id='page_1' title='image "./publiiovidiinas02massgoog/publiiovidiinas02massgoog_0252.png"; bbox 0 0 2768 4694; ppageno 0'>
   <div class='ocr_carea' id='block_1_1' title="bbox 206 480 1168 812">
    <p class='ocr_par' dir='ltr' id='par_1_1' title="bbox 206 480 1168 812">
     <span class='ocr_line' id='line_1_1' title="bbox 382 480 995 570; baseline 0.003 -2"><span class='ocrx_word' id='word_1_1' title='bbox 382 480 699 568; x_wconf 85' lang='lat' dir='ltr'><strong>HERCULIS</strong></span> <span class='ocrx_word' id='word_1_2' title='bbox 727 481 995 570; x_wconf 84' lang='lat' dir='ltr'><strong>CIOFANI</strong></span> 
     </span>
     <span class='ocr_line' id='line_1_2' title="bbox 206 658 1168 812; baseline 0 -4"><span class='ocrx_word' id='word_1_3' title='bbox 206 684 695 810; x_wconf 73' lang='lat' dir='ltr'><strong>nasoniano</strong></span> <span class='ocrx_word' id='word_1_4' title='bbox 738 658 1168 812; x_wconf 71' lang='lat' dir='ltr'><strong>sennenn.</strong></span> 
     </span>
    </p>
   </div>
   <div class='ocr_carea' id='block_1_2' title="bbox 152 1041 1222 1403">
    <p class='ocr_par' dir='ltr' id='par_1_2' title="bbox 152 1041 1222 1403">
     <span class='ocr_line' id='line_1_3' title="bbox 154 1041 1222 1164; baseline -0.007 -20"><span class='ocrx_word' id='word_1_5' title='bbox 154 1041 339 1154; x_wconf 70' lang='lat' dir='ltr'><strong>summ,</strong></span> <span class='ocrx_word' id='word_1_6' title='bbox 360 1066 509 1141; x_wconf 85' lang='lat' dir='ltr'><strong>Corfinio</strong></span> <span class='ocrx_word' id='word_1_7' title='bbox 528 1064 618 1140; x_wconf 90' lang='lat' dir='ltr'><strong>mille</strong></span> <span class='ocrx_word' id='word_1_8' title='bbox 636 1065 757 1140; x_wconf 85' lang='lat' dir='ltr'>abhinc</span> <span class='ocrx_word' id='word_1_9' title='bbox 774 1066 887 1153; x_wconf 85' lang='lat' dir='ltr'><strong>annis,</strong></span> <span class='ocrx_word' id='word_1_10' title='bbox 907 1084 938 1139; x_wconf 85' lang='lat' dir='ltr'><strong>ct</strong></span> <span class='ocrx_word' id='word_1_11' title='bbox 955 1092 994 1137; x_wconf 91' lang='lat' dir='ltr'><strong>eo</strong></span> <span class='ocrx_word' id='word_1_12' title='bbox 1011 1061 1153 1164; x_wconf 84' lang='lat' dir='ltr'><strong>amplius</strong></span> <span class='ocrx_word' id='word_1_13' title='bbox 1171 1065 1222 1138; x_wconf 86' lang='lat' dir='ltr'><strong>di-</strong></span> 
     </span>
     <span class='ocr_line' id='line_1_4' title="bbox 152 1178 1221 1281; baseline -0.003 -24"><span class='ocrx_word' id='word_1_14' title='bbox 152 1203 252 1271; x_wconf 84' lang='lat' dir='ltr'><strong>ruto,</strong></span> <span class='ocrx_word' id='word_1_15' title='bbox 265 1181 482 1278; x_wconf 79' lang='lat' dir='ltr'><strong>Pelignorum</strong></span> <span class='ocrx_word' id='word_1_16' title='bbox 497 1178 709 1281; x_wconf 79' lang='lat' dir='ltr'><strong>metropolis,</strong></span> <span class='ocrx_word' id='word_1_17' title='bbox 728 1211 746 1254; x_wconf 88' lang='lat' dir='ltr'><strong>a</strong></span> <span class='ocrx_word' id='word_1_18' title='bbox 759 1182 924 1270; x_wconf 69' lang='lat' dir='ltr'><strong>Somno,</strong></span> <span class='ocrx_word' id='word_1_19' title='bbox 945 1182 1073 1254; x_wconf 74' lang='lat' dir='ltr'>AENEAE</span> <span class='ocrx_word' id='word_1_20' title='bbox 1087 1181 1221 1267; x_wconf 82' lang='lat' dir='ltr'><strong>comite,</strong></span> 
     </span>
     <span class='ocr_line' id='line_1_5' title="bbox 158 1296 1218 1403; baseline -0.006 -31"><span class='ocrx_word' id='word_1_21' title='bbox 158 1316 193 1372; x_wconf 92' lang='lat' dir='ltr'><strong>et</strong></span> <span class='ocrx_word' id='word_1_22' title='bbox 210 1298 366 1372; x_wconf 82' lang='lat' dir='ltr'><strong>conditus</strong></span> <span class='ocrx_word' id='word_1_23' title='bbox 382 1315 416 1372; x_wconf 86' lang='lat' dir='ltr'><strong>ct</strong></span> <span class='ocrx_word' id='word_1_24' title='bbox 432 1297 660 1371; x_wconf 83' lang='lat' dir='ltr'><strong>denominatus</strong></span> <span class='ocrx_word' id='word_1_25' title='bbox 674 1315 742 1384; x_wconf 87' lang='lat' dir='ltr'><strong>est,</strong></span> <span class='ocrx_word' id='word_1_26' title='bbox 755 1315 795 1370; x_wconf 90' lang='lat' dir='ltr'><strong>ut</strong></span> <span class='ocrx_word' id='word_1_27' title='bbox 807 1314 945 1371; x_wconf 85' lang='lat' dir='ltr'><strong>testatur</strong></span> <span class='ocrx_word' id='word_1_28' title='bbox 959 1296 1118 1403; x_wconf 82' lang='lat' dir='ltr'><strong>Ovidius,</strong></span> <span class='ocrx_word' id='word_1_29' title='bbox 1132 1298 1218 1370; x_wconf 83' lang='lat' dir='ltr'><strong>Fast.</strong></span> 
     </span>
    </p>
   </div>
   <div class='ocr_carea' id='block_1_3' title="bbox 163 1411 689 1511">
    <p class='ocr_par' dir='ltr' id='par_1_3' title="bbox 163 1411 689 1511">
     <span class='ocr_line' id='line_1_6' title="bbox 163 1411 689 1511; baseline -0.01 -25"><span class='ocrx_word' id='word_1_30' title='bbox 163 1412 224 1486; x_wconf 84' lang='lat' dir='ltr'><strong>lib.</strong></span> <span class='ocrx_word' id='word_1_31' title='bbox 243 1414 305 1500; x_wconf 82' lang='lat' dir='ltr'><strong>IV,</strong></span> <span class='ocrx_word' id='word_1_32' title='bbox 319 1439 402 1486; x_wconf 78' lang='lat' dir='ltr'><strong>vers.</strong></span> <span class='ocrx_word' id='word_1_33' title='bbox 419 1438 484 1511; x_wconf 86' lang='lat'><strong>79,</strong></span> <span class='ocrx_word' id='word_1_34' title='bbox 502 1439 602 1510; x_wconf 91' lang='lat' dir='ltr'><strong>qnnm</strong></span> <span class='ocrx_word' id='word_1_35' title='bbox 621 1411 689 1482; x_wconf 89' lang='lat' dir='ltr'><strong>ait:</strong></span> 
     </span>
    </p>
   </div>
   <div class='ocr_carea' id='block_1_4' title="bbox 233 1556 1040 1712">
    <p class='ocr_par' dir='ltr' id='par_1_4' title="bbox 233 1556 1040 1712">
     <span class='ocr_line' id='line_1_7' title="bbox 325 1556 1040 1630; baseline -0.001 -17"><span class='ocrx_word' id='word_1_36' title='bbox 325 1558 413 1629; x_wconf 70' lang='lat' dir='ltr'><strong>Hujus</strong></span> <span class='ocrx_word' id='word_1_37' title='bbox 423 1569 479 1613; x_wconf 84' lang='lat' dir='ltr'><strong>erat</strong></span> <span class='ocrx_word' id='word_1_38' title='bbox 489 1557 612 1630; x_wconf 78' lang='lat' dir='ltr'><strong>Solymus</strong></span> <span class='ocrx_word' id='word_1_39' title='bbox 624 1556 739 1629; x_wconf 77' lang='lat' dir='ltr'><strong>Phrygia</strong></span> <span class='ocrx_word' id='word_1_40' title='bbox 750 1575 838 1612; x_wconf 80' lang='lat' dir='ltr'><strong>comes</strong></span> <span class='ocrx_word' id='word_1_41' title='bbox 850 1578 919 1611; x_wconf 80' lang='lat' dir='ltr'><strong>unns</strong></span> <span class='ocrx_word' id='word_1_42' title='bbox 932 1560 963 1611; x_wconf 80' lang='lat' dir='ltr'><strong>ab</strong></span> <span class='ocrx_word' id='word_1_43' title='bbox 976 1559 1040 1625; x_wconf 81' lang='lat' dir='ltr'><strong>Ida,</strong></span> 
     </span>
     <span class='ocr_line' id='line_1_8' title="bbox 233 1640 931 1712; baseline -0.001 -16"><span class='ocrx_word' id='word_1_44' title='bbox 233 1688 236 1705; x_wconf 90' lang='grc'>,</span> <span class='ocrx_word' id='word_1_45' title='bbox 354 1641 442 1712; x_wconf 74' lang='lat' dir='ltr'><strong>aquo</strong></span> <span class='ocrx_word' id='word_1_46' title='bbox 453 1640 589 1696; x_wconf 68' lang='lat' dir='ltr'><strong>Sulmonis</strong></span> <span class='ocrx_word' id='word_1_47' title='bbox 601 1640 697 1694; x_wconf 82' lang='lat' dir='ltr'><strong>moenia</strong></span> <span class='ocrx_word' id='word_1_48' title='bbox 707 1659 807 1695; x_wconf 85' lang='lat' dir='ltr'><strong>nomen</strong></span> <span class='ocrx_word' id='word_1_49' title='bbox 819 1640 931 1704; x_wconf 62' lang='lat' dir='ltr'><strong>habeon</strong></span> 
     </span>
    </p>
   </div>
   <div class='ocr_carea' id='block_1_5' title="bbox 161 1755 1224 3372">
    <p class='ocr_par' dir='ltr' id='par_1_5' title="bbox 161 1755 1224 3372">
     <span class='ocr_line' id='line_1_9' title="bbox 161 1755 1222 1860; baseline 0.001 -28"><span class='ocrx_word' id='word_1_50' title='bbox 161 1756 249 1860; x_wconf 84' lang='lat' dir='ltr'><strong>qnod</strong></span> <span class='ocrx_word' id='word_1_51' title='bbox 273 1756 444 1833; x_wconf 81' lang='lat' dir='ltr'><strong>confirmat</strong></span> <span class='ocrx_word' id='word_1_52' title='bbox 466 1756 569 1831; x_wconf 79' lang='lat' dir='ltr'>Silius</span> <span class='ocrx_word' id='word_1_53' title='bbox 594 1755 750 1846; x_wconf 83' lang='lat' dir='ltr'><strong>Italicus,</strong></span> <span class='ocrx_word' id='word_1_54' title='bbox 767 1756 826 1832; x_wconf 91' lang='lat' dir='ltr'><strong>lib.</strong></span> <span class='ocrx_word' id='word_1_55' title='bbox 850 1760 919 1845; x_wconf 85' lang='lat' dir='ltr'><strong>lX,</strong></span> <span class='ocrx_word' id='word_1_56' title='bbox 936 1758 997 1832; x_wconf 87' lang='lat' dir='ltr'><strong>nbi</strong></span> <span class='ocrx_word' id='word_1_57' title='bbox 1014 1757 1165 1859; x_wconf 87' lang='lat' dir='ltr'><strong>loquitur</strong></span> <span class='ocrx_word' id='word_1_58' title='bbox 1182 1759 1222 1833; x_wconf 84' lang='lat' dir='ltr'><strong>de</strong></span> 
     </span>
     <span class='ocr_line' id='line_1_10' title="bbox 162 1871 1224 1975; baseline -0.001 -25"><span class='ocrx_word' id='word_1_59' title='bbox 162 1872 307 1963; x_wconf 75' lang='lat' dir='ltr'><strong>Satrico,</strong></span> <span class='ocrx_word' id='word_1_60' title='bbox 323 1874 392 1948; x_wconf 84' lang='lat' dir='ltr'><strong>cive</strong></span> <span class='ocrx_word' id='word_1_61' title='bbox 409 1872 652 1961; x_wconf 80' lang='lat' dir='ltr'><strong>sulmonense,</strong></span> <span class='ocrx_word' id='word_1_62' title='bbox 672 1873 731 1975; x_wconf 91' lang='lat' dir='ltr'><strong>qni</strong></span> <span class='ocrx_word' id='word_1_63' title='bbox 747 1874 855 1975; x_wconf 87' lang='lat' dir='ltr'><strong>primo</strong></span> <span class='ocrx_word' id='word_1_64' title='bbox 871 1871 962 1947; x_wconf 90' lang='lat' dir='ltr'><strong>bello</strong></span> <span class='ocrx_word' id='word_1_65' title='bbox 977 1875 1119 1975; x_wconf 87' lang='lat' dir='ltr'><strong>punico,</strong></span> <span class='ocrx_word' id='word_1_66' title='bbox 1138 1905 1224 1949; x_wconf 83' lang='lat' dir='ltr'><strong>anno</strong></span> 
     </span>
     <span class='ocr_line' id='line_1_11' title="bbox 161 1984 1224 2093; baseline 0.005 -33"><span class='ocrx_word' id='word_1_67' title='bbox 161 1986 202 2093; x_wconf 82' lang='lat' dir='ltr'><strong>ab</strong></span> <span class='ocrx_word' id='word_1_68' title='bbox 220 1990 262 2062; x_wconf 91' lang='lat' dir='ltr'><strong>U.</strong></span> <span class='ocrx_word' id='word_1_69' title='bbox 282 1988 320 2063; x_wconf 86' lang='lat' dir='ltr'><strong>C.</strong></span> <span class='ocrx_word' id='word_1_70' title='bbox 337 2007 504 2079; x_wconf 78' lang='lat' dir='ltr'><strong>cnxcvtl,</strong></span> <span class='ocrx_word' id='word_1_71' title='bbox 522 2016 597 2063; x_wconf 90' lang='lat' dir='ltr'><strong>cnm</strong></span> <span class='ocrx_word' id='word_1_72' title='bbox 615 1989 665 2061; x_wconf 89' lang='grc' dir='ltr'><strong>Μ.</strong></span> <span class='ocrx_word' id='word_1_73' title='bbox 681 1984 787 2060; x_wconf 82' lang='lat' dir='ltr'><strong>Atilio</strong></span> <span class='ocrx_word' id='word_1_74' title='bbox 806 1987 937 2083; x_wconf 78' lang='lat' dir='ltr'><strong>Regulo</strong></span> <span class='ocrx_word' id='word_1_75' title='bbox 955 1988 988 2060; x_wconf 90' lang='lat' dir='ltr'><strong>in</strong></span> <span class='ocrx_word' id='word_1_76' title='bbox 1005 1987 1148 2063; x_wconf 79' lang='lat' dir='ltr'><strong>Africam</strong></span> <span class='ocrx_word' id='word_1_77' title='bbox 1163 2008 1224 2065; x_wconf 84' lang='lat' dir='ltr'><strong>tra-</strong></span> 
     </span>
     <span class='ocr_line' id='line_1_12' title="bbox 162 2101 1224 2205; baseline 0 -27"><span class='ocrx_word' id='word_1_78' title='bbox 162 2105 245 2202; x_wconf 74' lang='lat' dir='ltr'><strong>jecit,</strong></span> <span class='ocrx_word' id='word_1_79' title='bbox 256 2103 495 2205; x_wconf 70' lang='lat' dir='ltr'><strong>captns&#39;postea</strong></span> <span class='ocrx_word' id='word_1_80' title='bbox 507 2130 582 2176; x_wconf 90' lang='lat' dir='ltr'><strong>cnm</strong></span> <span class='ocrx_word' id='word_1_81' title='bbox 596 2132 679 2176; x_wconf 92' lang='lat' dir='ltr'><strong>rom.</strong></span> <span class='ocrx_word' id='word_1_82' title='bbox 694 2101 837 2176; x_wconf 78' lang='lat' dir='ltr'><strong>exercitu</strong></span> <span class='ocrx_word' id='word_1_83' title='bbox 850 2133 869 2175; x_wconf 86' lang='lat' dir='ltr'><strong>a</strong></span> <span class='ocrx_word' id='word_1_84' title='bbox 882 2104 1064 2204; x_wconf 87' lang='lat' dir='ltr'><strong>Xantippo,</strong></span> <span class='ocrx_word' id='word_1_85' title='bbox 1073 2104 1224 2179; x_wconf 78' lang='lat' dir='ltr'><strong>Laceda-</strong></span> 
     </span>
     <span class='ocr_line' id='line_1_13' title="bbox 163 2209 1222 2322; baseline 0 -25"><span class='ocrx_word' id='word_1_86' title='bbox 163 2222 345 2297; x_wconf 89' lang='lat' dir='ltr'><strong>moniorum</strong></span> <span class='ocrx_word' id='word_1_87' title='bbox 357 2220 453 2307; x_wconf 87' lang='lat' dir='ltr'><strong>duce,</strong></span> <span class='ocrx_word' id='word_1_88' title='bbox 468 2219 730 2322; x_wconf 77' lang='lat' dir='ltr'><strong>Autololnmqne</strong></span> <span class='ocrx_word' id='word_1_89' title='bbox 742 2221 812 2315; x_wconf 80' lang='lat' dir='ltr'><strong>regi</strong></span> <span class='ocrx_word' id='word_1_90' title='bbox 832 2221 876 2293; x_wconf 87' lang='lat' dir='ltr'><strong>oh</strong></span> <span class='ocrx_word' id='word_1_91' title='bbox 893 2209 1046 2297; x_wconf 81' lang='lat' dir='ltr'><strong>virtutem</strong></span> <span class='ocrx_word' id='word_1_92' title='bbox 1061 2222 1151 2296; x_wconf 88' lang='lat' dir='ltr'><strong>dono</strong></span> <span class='ocrx_word' id='word_1_93' title='bbox 1163 2222 1222 2298; x_wconf 87' lang='lat' dir='ltr'><strong>da-</strong></span> 
     </span>
     <span class='ocr_line' id='line_1_14' title="bbox 164 2334 1222 2438; baseline -0.002 -24"><span class='ocrx_word' id='word_1_94' title='bbox 164 2357 229 2428; x_wconf 87' lang='lat' dir='ltr'><strong>tos,</strong></span> <span class='ocrx_word' id='word_1_95' title='bbox 245 2340 434 2414; x_wconf 83' lang='lat' dir='ltr'><strong>servitutem</strong></span> <span class='ocrx_word' id='word_1_96' title='bbox 452 2336 620 2409; x_wconf 85' lang='lat' dir='ltr'><strong>serviebat.</strong></span> <span class='ocrx_word' id='word_1_97' title='bbox 633 2339 667 2410; x_wconf 84' lang='lat' dir='ltr'><strong>Is</strong></span> <span class='ocrx_word' id='word_1_98' title='bbox 681 2334 829 2411; x_wconf 78' lang='lat' dir='ltr'><strong>Satricus</strong></span> <span class='ocrx_word' id='word_1_99' title='bbox 841 2354 1011 2438; x_wconf 86' lang='lat' dir='ltr'><strong>utramque</strong></span> <span class='ocrx_word' id='word_1_100' title='bbox 1025 2336 1172 2433; x_wconf 81' lang='lat' dir='ltr'><strong>linguam</strong></span> <span class='ocrx_word' id='word_1_101' title='bbox 1188 2357 1222 2412; x_wconf 88' lang='lat' dir='ltr'><strong>et</strong></span> 
     </span>
     <span class='ocr_line' id='line_1_15' title="bbox 161 2450 1222 2555; baseline -0.002 -27"><span class='ocrx_word' id='word_1_102' title='bbox 161 2454 293 2528; x_wconf 86' lang='lat' dir='ltr'><strong>latinam</strong></span> <span class='ocrx_word' id='word_1_103' title='bbox 309 2473 342 2527; x_wconf 88' lang='lat' dir='ltr'><strong>et</strong></span> <span class='ocrx_word' id='word_1_104' title='bbox 355 2452 510 2555; x_wconf 87' lang='lat' dir='ltr'><strong>punicam</strong></span> <span class='ocrx_word' id='word_1_105' title='bbox 520 2450 657 2540; x_wconf 84' lang='lat' dir='ltr'><strong>callens,</strong></span> <span class='ocrx_word' id='word_1_106' title='bbox 672 2481 794 2555; x_wconf 88' lang='lat' dir='ltr'><strong>quum,</strong></span> <span class='ocrx_word' id='word_1_107' title='bbox 814 2450 895 2524; x_wconf 72' lang='lat' dir='ltr'><strong>(lnce</strong></span> <span class='ocrx_word' id='word_1_108' title='bbox 912 2452 1097 2527; x_wconf 83' lang='lat' dir='ltr'><strong>Hannibale</strong></span> <span class='ocrx_word' id='word_1_109' title='bbox 1107 2454 1143 2525; x_wconf 94' lang='lat' dir='ltr'><strong>in</strong></span> <span class='ocrx_word' id='word_1_110' title='bbox 1156 2458 1222 2526; x_wconf 85' lang='lat' dir='ltr'><strong>lta·</strong></span> 
     </span>
     <span class='ocr_line' id='line_1_16' title="bbox 161 2567 1220 2670; baseline -0.001 -29"><span class='ocrx_word' id='word_1_111' title='bbox 161 2568 240 2642; x_wconf 88' lang='lat' dir='ltr'><strong>liam</strong></span> <span class='ocrx_word' id='word_1_112' title='bbox 251 2597 418 2654; x_wconf 82' lang='lat' dir='ltr'><strong>reverens,</strong></span> <span class='ocrx_word' id='word_1_113' title='bbox 436 2567 549 2669; x_wconf 79' lang='lat' dir='ltr'><strong>patria</strong></span> <span class='ocrx_word' id='word_1_114' title='bbox 562 2568 701 2642; x_wconf 65' lang='lat' dir='ltr'><strong>visendo</strong></span> <span class='ocrx_word' id='word_1_115' title='bbox 716 2568 877 2670; x_wconf 85' lang='lat' dir='ltr'><strong>cupidus,</strong></span> <span class='ocrx_word' id='word_1_116' title='bbox 896 2568 1043 2640; x_wconf 84' lang='lat' dir='ltr'><strong>Mancini</strong></span> <span class='ocrx_word' id='word_1_117' title='bbox 1060 2569 1129 2666; x_wconf 86' lang='lat' dir='ltr'><strong>ejus</strong></span> <span class='ocrx_word' id='word_1_118' title='bbox 1141 2568 1220 2657; x_wconf 90' lang='lat' dir='ltr'><strong>filii,</strong></span> 
     </span>
     <span class='ocr_line' id='line_1_17' title="bbox 163 2681 1221 2785; baseline 0.003 -29"><span class='ocrx_word' id='word_1_119' title='bbox 163 2710 263 2784; x_wconf 86' lang='lat' dir='ltr'><strong>quem</strong></span> <span class='ocrx_word' id='word_1_120' title='bbox 285 2711 353 2755; x_wconf 93' lang='lat' dir='ltr'><strong>non</strong></span> <span class='ocrx_word' id='word_1_121' title='bbox 378 2700 493 2768; x_wconf 85' lang='lat' dir='ltr'><strong>norat,</strong></span> <span class='ocrx_word' id='word_1_122' title='bbox 512 2681 611 2757; x_wconf 81' lang='lat' dir='ltr'><strong>occisi</strong></span> <span class='ocrx_word' id='word_1_123' title='bbox 635 2681 707 2775; x_wconf 41' lang='lat' dir='ltr'><strong>sibi:</strong></span> <span class='ocrx_word' id='word_1_124' title='bbox 722 2685 808 2761; x_wconf 84' lang='lat' dir='ltr'><strong>arma</strong></span> <span class='ocrx_word' id='word_1_125' title='bbox 831 2684 1037 2785; x_wconf 81' lang='lat' dir='ltr'><strong>aclaptasset‚</strong></span> <span class='ocrx_word' id='word_1_126' title='bbox 1059 2684 1101 2758; x_wconf 91' lang='lat' dir='ltr'><strong>ab</strong></span> <span class='ocrx_word' id='word_1_127' title='bbox 1118 2682 1221 2759; x_wconf 85' lang='lat' dir='ltr'><strong>altero</strong></span> 
     </span>
     <span class='ocr_line' id='line_1_18' title="bbox 162 2798 1221 2903; baseline 0.001 -28"><span class='ocrx_word' id='word_1_128' title='bbox 162 2818 279 2902; x_wconf 84' lang='lat' dir='ltr'><strong>postea</strong></span> <span class='ocrx_word' id='word_1_129' title='bbox 294 2798 381 2885; x_wconf 86' lang='lat' dir='ltr'><strong>lilio,</strong></span> <span class='ocrx_word' id='word_1_130' title='bbox 398 2798 551 2899; x_wconf 82' lang='lat' dir='ltr'><strong>Solymo,</strong></span> <span class='ocrx_word' id='word_1_131' title='bbox 569 2799 626 2898; x_wconf 93' lang='lat' dir='ltr'><strong>qni</strong></span> <span class='ocrx_word' id='word_1_132' title='bbox 642 2798 739 2899; x_wconf 86' lang='lat' dir='ltr'><strong>paulo</strong></span> <span class='ocrx_word' id='word_1_133' title='bbox 756 2801 896 2903; x_wconf 77' lang='lat' dir='ltr'><strong>propius&#39;</strong></span> <span class='ocrx_word' id='word_1_134' title='bbox 912 2800 1050 2902; x_wconf 85' lang='lat' dir='ltr'><strong>patriam</strong></span> <span class='ocrx_word' id='word_1_135' title='bbox 1068 2801 1221 2876; x_wconf 86' lang='lat' dir='ltr'><strong>excubias</strong></span> 
     </span>
     <span class='ocr_line' id='line_1_19' title="bbox 164 2912 1222 3017; baseline 0.004 -28"><span class='ocrx_word' id='word_1_136' title='bbox 164 2916 322 3003; x_wconf 82' lang='lat' dir='ltr'><strong>faciebat,</strong></span> <span class='ocrx_word' id='word_1_137' title='bbox 343 2916 403 3017; x_wconf 53' lang='lat' dir='ltr'><strong>&#39;per</strong></span> <span class='ocrx_word' id='word_1_138' title='bbox 420 2942 564 2991; x_wconf 88' lang='lat' dir='ltr'><strong>errorem</strong></span> <span class='ocrx_word' id='word_1_139' title='bbox 588 2912 799 3005; x_wconf 79' lang='lat' dir='ltr'><strong>interficitur3</strong></span> <span class='ocrx_word' id='word_1_140' title='bbox 819 2917 1029 3016; x_wconf 85' lang='lat' dir='ltr'><strong>moriensque</strong></span> <span class='ocrx_word' id='word_1_141' title='bbox 1055 2918 1222 2993; x_wconf 87' lang='lat' dir='ltr'><strong>Romanos</strong></span> 
     </span>
     <span class='ocr_line' id='line_1_20' title="bbox 167 3030 1221 3134; baseline 0.002 -26"><span class='ocrx_word' id='word_1_142' title='bbox 167 3034 336 3119; x_wconf 84' lang='lat' dir='ltr'><strong>admonet,</strong></span> <span class='ocrx_word' id='word_1_143' title='bbox 355 3052 392 3107; x_wconf 88' lang='lat' dir='ltr'><strong>nt</strong></span> <span class='ocrx_word' id='word_1_144' title='bbox 406 3030 555 3133; x_wconf 74' lang='lat' dir='ltr'><strong>pralium</strong></span> <span class='ocrx_word' id='word_1_145' title='bbox 571 3030 737 3106; x_wconf 84' lang='lat' dir='ltr'><strong>differant.</strong></span> <span class='ocrx_word' id='word_1_146' title='bbox 754 3033 863 3131; x_wconf 80' lang='lat' dir='ltr'><strong>Quam</strong></span> <span class='ocrx_word' id='word_1_147' title='bbox 876 3034 1010 3134; x_wconf 86' lang='lat' dir='ltr'><strong>quidem</strong></span> <span class='ocrx_word' id='word_1_148' title='bbox 1021 3034 1221 3110; x_wconf 87' lang='lat' dir='ltr'><strong>admonitio-</strong></span> 
     </span>
     <span class='ocr_line' id='line_1_21' title="bbox 167 3146 1218 3252; baseline 0.006 -31"><span class='ocrx_word' id='word_1_149' title='bbox 167 3177 238 3224; x_wconf 88' lang='lat' dir='ltr'><strong>nem</strong></span> <span class='ocrx_word' id='word_1_150' title='bbox 255 3148 427 3251; x_wconf 68' lang='lat' dir='ltr'><strong>Solymm,</strong></span> <span class='ocrx_word' id='word_1_151' title='bbox 447 3149 493 3222; x_wconf 88' lang='lat' dir='ltr'><strong>ob</strong></span> <span class='ocrx_word' id='word_1_152' title='bbox 511 3146 685 3250; x_wconf 82' lang='lat' dir='ltr'><strong>patrissui</strong></span> <span class='ocrx_word' id='word_1_153' title='bbox 704 3147 820 3224; x_wconf 71' lang='lat' dir='ltr'><strong>cadem</strong></span> <span class='ocrx_word' id='word_1_154' title='bbox 835 3179 870 3226; x_wconf 81' lang='lat' dir='ltr'><strong>ae</strong></span> <span class='ocrx_word' id='word_1_155' title='bbox 885 3152 994 3252; x_wconf 89' lang='lat' dir='ltr'><strong>ipsum</strong></span> <span class='ocrx_word' id='word_1_156' title='bbox 1010 3150 1218 3241; x_wconf 86' lang='lat' dir='ltr'><strong>interimens,</strong></span> 
     </span>
     <span class='ocr_line' id='line_1_22' title="bbox 168 3263 1220 3372; baseline 0.004 -34"><span class='ocrx_word' id='word_1_157' title='bbox 168 3267 199 3342; x_wconf 94' lang='lat' dir='ltr'><strong>in</strong></span> <span class='ocrx_word' id='word_1_158' title='bbox 214 3269 331 3372; x_wconf 83' lang='lat' dir='ltr'><strong>clypeo</strong></span> <span class='ocrx_word' id='word_1_159' title='bbox 348 3268 503 3369; x_wconf 83' lang='lat' dir='ltr'><strong>scriptam</strong></span> <span class='ocrx_word' id='word_1_160' title='bbox 516 3265 661 3367; x_wconf 88' lang='lat' dir='ltr'><strong>reliquit.</strong></span> <span class='ocrx_word' id='word_1_161' title='bbox 679 3263 753 3341; x_wconf 88' lang='lat' dir='ltr'><strong>Silii</strong></span> <span class='ocrx_word' id='word_1_162' title='bbox 769 3265 836 3343; x_wconf 66' lang='lat' dir='ltr'><strong>hae</strong></span> <span class='ocrx_word' id='word_1_163' title='bbox 848 3266 947 3342; x_wconf 82' lang='lat' dir='ltr'><strong>verba</strong></span> <span class='ocrx_word' id='word_1_164' title='bbox 962 3285 1041 3343; x_wconf 82' lang='lat' dir='ltr'><strong>sunt</strong></span> <span class='ocrx_word' id='word_1_165' title='bbox 1052 3325 1061 3356; x_wconf 86' lang='lat'>‚</span> <span class='ocrx_word' id='word_1_166' title='bbox 1074 3271 1140 3355; x_wconf 83' lang='lat' dir='ltr'><strong>lx,</strong></span> <span class='ocrx_word' id='word_1_167' title='bbox 1156 3269 1220 3369; x_wconf 84' lang='lat'><strong>67:</strong></span> 
     </span>
    </p>
   </div>
   <div class='ocr_carea' id='block_1_6' title="bbox 321 3411 1020 4148">
    <p class='ocr_par' dir='ltr' id='par_1_6' title="bbox 321 3411 1020 4062">
     <span class='ocr_line' id='line_1_23' title="bbox 324 3411 928 3485; baseline -0.005 -14"><span class='ocrx_word' id='word_1_168' title='bbox 324 3415 456 3483; x_wconf 74' lang='lat' dir='ltr'><strong>xantippo</strong></span> <span class='ocrx_word' id='word_1_169' title='bbox 470 3422 576 3482; x_wconf 74' lang='lat' dir='ltr'><strong>captur,</strong></span> <span class='ocrx_word' id='word_1_170' title='bbox 589 3411 690 3485; x_wconf 69' lang='lat' dir='ltr'><strong>libycis</strong></span> <span class='ocrx_word' id='word_1_171' title='bbox 701 3411 822 3467; x_wconf 77' lang='lat' dir='ltr'><strong>tolerarat</strong></span> <span class='ocrx_word' id='word_1_172' title='bbox 834 3412 863 3466; x_wconf 90' lang='lat' dir='ltr'><strong>in</strong></span> <span class='ocrx_word' id='word_1_173' title='bbox 876 3415 928 3468; x_wconf 80' lang='lat' dir='ltr'><strong>oris</strong></span> 
     </span>
     <span class='ocr_line' id='line_1_24' title="bbox 321 3494 949 3569; baseline -0.003 -17"><span class='ocrx_word' id='word_1_174' title='bbox 321 3498 465 3552; x_wconf 77' lang='lat' dir='ltr'><strong>Servitium</strong></span> <span class='ocrx_word' id='word_1_175' title='bbox 477 3496 610 3559; x_wconf 57' lang='lat' dir='ltr'><strong>Satricum</strong></span> <span class='ocrx_word' id='word_1_176' title='bbox 621 3514 683 3551; x_wconf 82' lang='lat' dir='ltr'><strong>mox</strong></span> <span class='ocrx_word' id='word_1_177' title='bbox 694 3494 765 3551; x_wconf 88' lang='lat' dir='ltr'><strong>inter</strong></span> <span class='ocrx_word' id='word_1_178' title='bbox 776 3497 883 3567; x_wconf 69' lang='lat' dir='ltr'><strong>prumia</strong></span> <span class='ocrx_word' id='word_1_179' title='bbox 894 3498 949 3569; x_wconf 75' lang='lat' dir='ltr'><strong>regi</strong></span> 
     </span>
     <span class='ocr_line' id='line_1_25' title="bbox 324 3577 952 3634; baseline 0 -2"><span class='ocrx_word' id='word_1_180' title='bbox 324 3578 474 3632; x_wconf 69' lang='lat' dir='ltr'><strong>Autololu·</strong></span> <span class='ocrx_word' id='word_1_181' title='bbox 485 3578 559 3631; x_wconf 75' lang='lat' dir='ltr'><strong>dorso</strong></span> <span class='ocrx_word' id='word_1_182' title='bbox 568 3577 644 3632; x_wconf 73' lang='lat' dir='ltr'><strong>taus</strong></span> <span class='ocrx_word' id='word_1_183' title='bbox 654 3577 689 3630; x_wconf 71' lang='lat' dir='ltr'><strong>ol»</strong></span> <span class='ocrx_word' id='word_1_184' title='bbox 700 3579 803 3633; x_wconf 69' lang='lat' dir='ltr'><strong>virtutis</strong></span> <span class='ocrx_word' id='word_1_185' title='bbox 813 3579 952 3634; x_wconf 85' lang='lat' dir='ltr'><strong>honorem.</strong></span> 
     </span>
     <span class='ocr_line' id='line_1_26' title="bbox 327 3660 1015 3732; baseline 0.006 -18"><span class='ocrx_word' id='word_1_186' title='bbox 327 3662 396 3716; x_wconf 82' lang='lat' dir='ltr'><strong>Huic</strong></span> <span class='ocrx_word' id='word_1_187' title='bbox 408 3661 501 3716; x_wconf 76' lang='lat' dir='ltr'><strong>domus</strong></span> <span class='ocrx_word' id='word_1_188' title='bbox 508 3702 516 3728; x_wconf 88' lang='lat'><em>,</em></span> <span class='ocrx_word' id='word_1_189' title='bbox 529 3671 557 3716; x_wconf 88' lang='lat' dir='ltr'><strong>et</strong></span> <span class='ocrx_word' id='word_1_190' title='bbox 563 3660 664 3732; x_wconf 74' lang='lat' dir='ltr'><strong>gemini</strong></span> <span class='ocrx_word' id='word_1_191' title='bbox 672 3661 780 3716; x_wconf 77' lang='lat' dir='ltr'><strong>lucrant</strong></span> <span class='ocrx_word' id='word_1_192' title='bbox 791 3661 920 3715; x_wconf 72' lang='lat' dir='ltr'><strong>sulmone</strong></span> <span class='ocrx_word' id='word_1_193' title='bbox 932 3663 1015 3718; x_wconf 84' lang='lat' dir='ltr'><strong>relicti</strong></span> 
     </span>
     <span class='ocr_line' id='line_1_27' title="bbox 327 3741 935 3809; baseline 0.005 -15"><span class='ocrx_word' id='word_1_194' title='bbox 327 3741 421 3796; x_wconf 74' lang='lat' dir='ltr'><strong>Mattio</strong></span> <span class='ocrx_word' id='word_1_195' title='bbox 431 3741 458 3794; x_wconf 88' lang='lat' dir='ltr'><strong>in</strong></span> <span class='ocrx_word' id='word_1_196' title='bbox 470 3742 594 3797; x_wconf 73' lang='lat' dir='ltr'><strong>uberibus</strong></span> <span class='ocrx_word' id='word_1_197' title='bbox 603 3741 677 3809; x_wconf 82' lang='lat' dir='ltr'><strong>nati,</strong></span> <span class='ocrx_word' id='word_1_198' title='bbox 692 3741 832 3798; x_wconf 79' lang='lat' dir='ltr'><strong>Mancinus</strong></span> <span class='ocrx_word' id='word_1_199' title='bbox 843 3753 869 3796; x_wconf 85' lang='lat' dir='ltr'><strong>et</strong></span> <span class='ocrx_word' id='word_1_200' title='bbox 882 3762 935 3797; x_wconf 86' lang='lat' dir='ltr'><strong>una</strong></span> 
     </span>
     <span class='ocr_line' id='line_1_28' title="bbox 329 3824 1020 3900; baseline 0.007 -22"><span class='ocrx_word' id='word_1_201' title='bbox 329 3825 442 3878; x_wconf 81' lang='lat' dir='ltr'><strong>Numine</strong></span> <span class='ocrx_word' id='word_1_202' title='bbox 455 3824 558 3881; x_wconf 80' lang='lat' dir='ltr'><strong>llheteo</strong></span> <span class='ocrx_word' id='word_1_203' title='bbox 569 3826 693 3899; x_wconf 67' lang='lat' dir='ltr'><strong>Solymum</strong></span> <span class='ocrx_word' id='word_1_204' title='bbox 703 3845 710 3878; x_wconf 91' lang='lat'>:</span> <span class='ocrx_word' id='word_1_205' title='bbox 719 3844 782 3880; x_wconf 76' lang='lat' dir='ltr'><strong>nam</strong></span> <span class='ocrx_word' id='word_1_206' title='bbox 795 3824 922 3881; x_wconf 82' lang='lat' dir='ltr'><strong>Dardana</strong></span> <span class='ocrx_word' id='word_1_207' title='bbox 931 3830 1020 3900; x_wconf 79' lang='lat' dir='ltr'><strong>origo,</strong></span> 
     </span>
     <span class='ocr_line' id='line_1_29' title="bbox 328 3907 1015 3981; baseline 0.004 -19"><span class='ocrx_word' id='word_1_208' title='bbox 328 3910 362 3962; x_wconf 87' lang='lat' dir='ltr'><strong>Et</strong></span> <span class='ocrx_word' id='word_1_209' title='bbox 374 3907 487 3980; x_wconf 62' lang='lat' dir='ltr'><strong>Phrygio</strong></span> <span class='ocrx_word' id='word_1_210' title='bbox 497 3928 581 3980; x_wconf 68' lang='lat' dir='ltr'><strong>genua</strong></span> <span class='ocrx_word' id='word_1_211' title='bbox 590 3929 605 3965; x_wconf 77' lang='grc' dir='ltr'><strong>ι</strong></span> <span class='ocrx_word' id='word_1_212' title='bbox 615 3929 712 3981; x_wconf 75' lang='lat' dir='ltr'><strong>proavo</strong></span> <span class='ocrx_word' id='word_1_213' title='bbox 723 3949 731 3977; x_wconf 84' lang='lat'><em>,</em></span> <span class='ocrx_word' id='word_1_214' title='bbox 744 3909 789 3979; x_wconf 84' lang='lat' dir='ltr'><strong>qui</strong></span> <span class='ocrx_word' id='word_1_215' title='bbox 799 3920 900 3981; x_wconf 72' lang='lat' dir='ltr'><strong>sceptra</strong></span> <span class='ocrx_word' id='word_1_216' title='bbox 911 3923 1015 3966; x_wconf 76' lang='lat' dir='ltr'><strong>occutus</strong></span> 
     </span>
     <span class='ocr_line' id='line_1_30' title="bbox 331 3991 950 4062; baseline 0.006 -18"><span class='ocrx_word' id='word_1_217' title='bbox 331 3991 424 4045; x_wconf 74' lang='lat' dir='ltr'><strong>AEneae</strong></span> <span class='ocrx_word' id='word_1_218' title='bbox 436 4029 444 4058; x_wconf 89' lang='lat'><em>,</em></span> <span class='ocrx_word' id='word_1_219' title='bbox 456 4006 568 4047; x_wconf 75' lang='lat' dir='ltr'><strong>omaro</strong></span> <span class='ocrx_word' id='word_1_220' title='bbox 580 3995 662 4049; x_wconf 73' lang='lat' dir='ltr'><strong>muris</strong></span> <span class='ocrx_word' id='word_1_221' title='bbox 671 3995 826 4049; x_wconf 74' lang='lat' dir='ltr'><strong>fundaverat</strong></span> <span class='ocrx_word' id='word_1_222' title='bbox 837 4011 950 4062; x_wconf 76' lang='lat' dir='ltr'><strong>uanam,</strong></span> 
     </span>
    </p>

    <p class='ocr_par' dir='ltr' id='par_1_7' title="bbox 330 4074 946 4148">
     <span class='ocr_line' id='line_1_31' title="bbox 330 4074 946 4148; baseline 0.003 -18"><span class='ocrx_word' id='word_1_223' title='bbox 330 4077 369 4130; x_wconf 86' lang='lat' dir='ltr'><strong>Er</strong></span> <span class='ocrx_word' id='word_1_224' title='bbox 380 4095 436 4129; x_wconf 78' lang='lat' dir='ltr'><strong>sese</strong></span> <span class='ocrx_word' id='word_1_225' title='bbox 449 4074 543 4131; x_wconf 76' lang='lat' dir='ltr'><strong>(lictum</strong></span> <span class='ocrx_word' id='word_1_226' title='bbox 556 4076 682 4148; x_wconf 75' lang='lat' dir='ltr'><strong>Solymon</strong></span> <span class='ocrx_word' id='word_1_227' title='bbox 692 4096 698 4130; x_wconf 92' lang='lat'>:</span> <span class='ocrx_word' id='word_1_228' title='bbox 709 4078 838 4134; x_wconf 83' lang='lat' dir='ltr'><strong>celebrata</strong></span> <span class='ocrx_word' id='word_1_229' title='bbox 847 4079 946 4132; x_wconf 76' lang='lat' dir='ltr'><strong>colonia</strong></span> 
     </span>
    </p>
   </div>
   <div class='ocr_carea' id='block_1_7' title="bbox 0 0 1388 4694">
    <p class='ocr_par' dir='ltr' id='par_1_8' title="bbox 0 0 1388 4694">
     <span class='ocr_line' id='line_1_32' title="bbox 0 0 1388 4694; baseline 0 0"><span class='ocrx_word' id='word_1_230' title='bbox 0 0 1388 4694; x_wconf 95' lang='lat' dir='ltr'><strong> </strong></span> 
     </span>
    </p>
   </div>
  </div>
 </body>
</html>
