2768 4694
289 363 358 428 on
386 357 637 455 uurrouo
664 357 858 424 vnmns
885 358 1101 429 nummo.
1158 366 1223 458 ⁵⁴7

167 504 262 565 carlom
272 503 371 584 Capito
384 503 415 561 in
428 512 545 581 utraque
560 510 655 580 parte,
671 521 702 559 ac
717 499 764 558 isti
780 498 903 559 haberet.
923 500 1067 561 Caetermn
1083 504 1130 565 hic
1145 505 1227 569 fateri

168 626 276 686 cogor,
294 626 339 663 me
357 602 430 662 haurd
447 601 529 662 talem
543 600 647 661 vidisse
661 602 834 673 Nummum,
852 601 967 680 quondo
981 601 1135 667 Florentia
1149 606 1226 669 illam

169 712 271 772 Gazam
281 732 347 774 vere
357 708 474 792 Regiam
481 705 657 789 perlustravi.
669 708 762 767 immo
777 706 855 786 quod
863 706 982 784 mirum,
994 709 1119 789 ejusdem
1129 727 1225 776 custos

170 818 215 879 Cl.
230 819 339 879 Sebast.
355 817 485 876 nuncu·
496 815 530 875 de
548 813 605 874 hoc
621 833 739 890 prorsus
751 824 847 885 tacet,
862 812 969 874 etiamsi
987 827 1147 897 opportuno
1163 820 1227 881 setis

169 925 279 985 occasio
291 923 413 986 eundem
424 921 598 982 memorandi
613 921 745 994 daretm,
758 942 846 1000 quum
861 920 893 979 in
908 920 1010 981 titteris
1025 921 1060 982 ad
1072 921 1116 981 ΙΙΙ.
1129 925 1227 1004 Spon-

169 1033 289 1090 temtum
304 1041 385 1089 nous
401 1027 541 1088 eruditiss.
559 1028 671 1088 Sutrini
684 1026 824 1099 mitteret,
841 1025 1024 1087 existimantis
1044 1028 1161 1088 nomine
1178 1030 1228 1093 ilto

167 1134 199 1193 in
208 1133 371 1194 Rondanini
385 1135 529 1205 Nummo,
542 1129 717 1203 οΥΗῙΔίΟΣ,
730 1129 852 1191 Vedium
863 1131 959 1209 potius
974 1131 1133 1216 indigitati,
1147 1156 1230 1215 quom

159 1221 305 1302 'Ovidium
321 1253 340 1295 ¹.

208 1347 277 1404 Vll.
289 1346 367 1406 Utut
376 1345 428 1418 sit,
443 1368 477 1407 ex
492 1344 620 1423 superios
636 1343 718 1405 dictis
733 1355 775 1404 sat
791 1365 933 1424 superque
944 1343 1056 1424 patefit,
1074 1342 1231 1408 οΥΗῘΔίοΣ

169 1475 285 1533 prorsus
299 1454 330 1511 in
346 1450 401 1512 iliis
417 1452 568 1537 legendum
582 1450 735 1524 Nummis,
755 1450 786 1509 in
806 1449 910 1531 quibus
928 1448 1063 1512 celeberr.
1079 1450 1132 1512 viri
1148 1432 1233 1529 pute-

169 1556 237 1618 bant
256 1579 286 1618 se
305 1556 493 1620 ΚΟΥΠΕΔῙΟΣ
513 1555 665 1619 invenisse·
686 1559 748 1617 Nec
770 1555 864 1617 mirari
885 1554 1009 1628 desino,
1037 1557 1116 1636 quod
1134 1558 1232 1621 saltem

172 1663 217 1723 ΕΙ.
231 1666 433 1744 Spuohemius,
450 1664 515 1725 alias
533 1664 577 1722 vir
593 1662 807 1746 sagacissimus,
827 1661 903 1723 idem
918 1683 980 1723 non
994 1663 1230 1744 deprehenderit,

170 1792 257 1850 quum
268 1773 320 1850 jam
331 1790 391 1830 non
401 1769 519 1851 amplius
524 1771 653 1850 juvenis,
670 1768 722 1829 sed
730 1779 813 1830 aetatc
823 1778 948 1828 maturus
961 1781 990 1828 et
1000 1768 1152 1831 admodum
1161 1794 1232 1852 pro-

170 1889 267 1939 vectus
283 1890 454 1959 postremam
472 1878 575 1939 laudati
591 1877 685 1954 operis
704 1876 860 1938 editionem
880 1876 1029 1938 adornaret
1049 1890 1079 1939 et
1097 1891 1232 1961 engeren

111 1978 122 1991 ’“
173 1982 296 2064 dumque
305 1984 415 2045 videret
424 1986 455 2045 in
465 1984 629 2047 Rondsnini
640 2006 672 2046 ac
680 1982 788 2044 Goltzii
798 1985 925 2044 Nummo
935 2006 1034 2045 rerum
1045 1983 1115 2045 illud
1125 2007 1232 2048 nomen

171 2089 329 2152 ominioz
339 2133 348 2165 ,
360 2103 444 2172 atque
454 2090 499 2153 vel
511 2113 545 2152 ex
561 2089 710 2150 Goltziono
721 2090 868 2161 novisset,
881 2090 1058 2150 Ponuonts
1070 2112 1232 2177 cognomen

170 2219 226 2256 una
238 2218 403 2272 percussum
413 2199 447 2258 ad
456 2199 603 2259 Vntntunt
617 2241 625 2271 ,
641 2198 686 2258 vei
699 2197 826 2259 Vedium
840 2196 1031 2275 pertinuisse,
1047 2221 1108 2261 non
1117 2220 1185 2261 vero
1197 2201 1233 2261 ad

170 2301 318 2382 quemdem
332 2302 526 2374 Cuvmtun,
541 2304 674 2386 ignotum
687 2315 716 2362 et
731 2303 887 2362 inauditum
904 2303 1059 2364 hominem.

212 2409 298 2466 Vltl.
314 2408 463 2467 Mannum
476 2428 565 2488 porro
577 2408 608 2466 in
624 2408 725 2468 iisdem
738 2409 901 2470 nominibus
910 2411 1052 2468 Nummos
1068 2410 1226 2482 imitantur,

170 2512 212 2574 sic
228 2512 259 2572 in
271 2512 322 2573 illo
337 2513 486 2572 Beneuenti
499 2525 612 2594 reperto
628 2511 771 2596 legebatur
788 2534 795 2571 ε
812 2513 845 2573 P.
857 2515 995 2573 Vntmvs
1010 2514 1044 2572 P.
1061 2515 1094 2573 1¹*-
1110 2515 1229 2575 Ponnto

171 2617 302 2678 Cmsmn
319 2640 327 2677 :
346 2633 413 2678 run.
437 2619 558 2680 Cusum
580 2619 732 2680 Avovsno
753 2634 793 2678 nr
808 2635 965 2679 economus
986 2621 1230 2680 Buuuvnumun

172 2724 405 2804 quenudmodum
419 2725 531 2787 schedae
547 2725 691 2799 serebant,
709 2746 776 2806 quas
792 2727 894 2786 Romae
908 2725 945 2782 V.
964 2725 1000 2785 C.
1016 2724 1101 2785 Jouu.
1120 2725 1233 2803 Vigooli

171 2851 282 2891 meeum
298 2831 534 2904 communicavit,
551 2853 671 2912 quaeqne
685 2831 754 2891 olim
766 2833 942 2892 Humum!
959 2832 1077 2891 iuemnt.
1094 2831 1229 2892 Gruterus

172 2937 309 3019 quidem²
325 2961 358 2999 ex
373 2939 532 2997 Vnnomur
549 2937 659 2999 schedis
677 2938 862 3000 Cmsmeuu
878 2935 901 3010 ³,
922 2937 1036 3019 Lipsius
1051 2937 1066 2985 ⁴
1086 2960 1154 3000 vero
1166 2938 1229 3000 Cro

205 3122 214 3150 ¹
233 3119 297 3171 Vici.
309 3118 461 3186 Addendn,¹
471 3093 535 3173 tomi
548 3122 574 3184 1,
589 3120 622 3174 de
633 3123 724 3176 Prmt.
736 3122 816 3176 Num.
827 3142 852 3191 p.
867 3142 922 3195 7¹9·

204 3226 215 3254 ²
232 3224 313 3277 loscr.
325 3243 350 3292 p.
364 3237 493 3288 ccxxvrr,
506 3242 532 3275 n.
543 3225 567 3277 3.

203 3323 214 3356 ³
231 3326 295 3395 Quo
314 3326 421 3379 nomine
439 3324 477 3377 ΙΙΙ.
496 3329 613 3379 Norisius
624 3325 656 3378 de
672 3323 819 3395 Cenotapb.
834 3326 885 3378 Pis.
897 3344 921 3395 p.
935 3327 984 3392 54,
998 3325 1118 3396 intelligit
1130 3330 1229 3382 Canum

174 3409 285 3476 Augusti
305 3411 415 3477 honori,
437 3430 466 3464 ac
484 3409 602 3464 Colonia
619 3412 813 3463 Beneventanae
831 3421 1006 3477 ornamento,
1026 3431 1098 3480 oque
1114 3432 1143 3466 ac
1155 3432 1230 3465 rom·

172 3492 254 3545 modo
268 3507 437 3559 exstructam,
450 3496 572 3548 Romano
585 3494 707 3564 quidem,
720 3493 763 3546 sed
777 3513 847 3545 novo
860 3494 986 3561 nomine,
1002 3499 1141 3550 caesareum
1156 3516 1231 3549 nun-

172 3588 317 3647 cupatamn
331 3579 361 3630 P.
375 3583 462 3631 Vee'dro
470 3582 597 3639 Pollione,
614 3577 716 3632 iilosoii.
729 3589 758 3630 ut
770 3588 873 3644 censet,
887 3580 931 3647 qui
941 3579 1028 3650 Eques
1041 3580 1192 3648 Romanus,
1204 3593 1232 3634 et

172 3683 203 3716 ex
216 3662 326 3731 Augusti
337 3664 424 3718 amicis
433 3674 506 3728 erat,
520 3673 568 3717 etc.
581 3667 640 3716 Dio.
652 3663 708 3716 Lib.
721 3663 794 3716 LIV.

204 3765 216 3800 ⁴
233 3766 295 3818 Not.
309 3765 341 3818 ad
355 3767 437 3819 Tacit.
450 3766 522 3818 Anu.
535 3764 590 3818 Lib.
605 3765 661 3831 111,
678 3785 699 3818 c.
713 3780 789 3821 nxtv.
806 3775 835 3817 ut
845 3764 933 3818 nimir.
945 3763 1117 3833 significetur,
1132 3769 1232 3820 Polou-

172 3868 227 3902 uem
238 3853 353 3916 Augusto
362 3861 388 3902 e!
400 3851 508 3903 Colonia
517 3869 568 3901 sue
578 3847 683 3918 esfipr'em
697 3850 803 3901 Cesaris
814 3851 876 3916 lurp.
885 3851 1021 3902 dedicasse.
1035 3848 1115 3902 Hunc
1125 3849 1232 3917 quidem

173 3951 276 3986 morem
290 3945 384 3987 statuas
396 3932 494 4002 effigies
505 3934 581 3987 certis
594 3933 642 3985 diis
653 3932 837 3998 consecrandi,
857 3933 938 3986 nolim
951 3929 1077 3998 inficiari,
1093 3952 1171 4001 quem
1190 3932 1231 3986 ΕΙ.

177 4020 285 4082 copem
296 4019 375 4071 etiam
389 4018 520 4086 adoptavit
530 4028 556 4071 et
572 4018 691 4086 probavit
706 4016 750 4083 (de
762 4017 875 4085 Hor-poc.
887 4036 911 4085 p.
932 4014 1011 4084 123),
1029 4036 1160 4086 quemque
1176 4015 1232 4070 olio

176 4102 333 4158 consumant
344 4104 542 4171 inscriptiones,
555 4113 585 4156 ut
596 4103 640 4157 itta
656 4105 759 4155 Gruteri
765 4141 773 4166 ,
792 4122 817 4173 p.
827 4105 876 4167 85,
889 4120 914 4153 n·
931 4122 952 4154 ι.
966 4102 1105 4172 Ancyrm
1116 4103 1144 4156 in
1159 4102 1190 4156 P.
1201 4103 1234 4153 de
1322 4157 1325 4162 ,
