2752 5136
89 742 92 749 ·
153 712 219 783 368
409 704 644 774 NOTITIA
667 701 965 771 LITERARIA

152 850 260 930 XIII,
287 845 513 937 Metamorph.
541 845 700 937 expressit
720 844 819 910 Vitas
841 841 1087 910 Amerbsohius
1117 840 1224 922 1545,

152 959 254 1026 in·8’.
268 951 311 1020 ad
322 949 446 1018 calcem
461 952 679 1018 enarrationis
689 948 809 1016 libror.
826 950 1006 1015 Tristinm.
1022 948 1227 1015 Christianus

153 1061 440 1152 Metamorphoses
450 1062 631 1153 scripsere:
647 1055 868 1130 Lasneltrid.
878 1054 1112 1133 Dedekindns,
1126 1057 1229 1126 smil-

153 1172 289 1254 kaldise,
314 1167 415 1250 1565,
433 1170 536 1237 ¹in·8⁰.
562 1166 702 1248 Gallice,
719 1164 852 1237 &rivola
872 1163 915 1232 de
936 1166 1225 1242 Sume-Manto,

155 1285 260 1354 Paris.
298 1281 403 1372 1579,
435 1275 824 1368 in-4·.'Balga'ce,10h.
851 1272 1091 1357 flaselbetius,
1119 1278 1225 1344 Amst.

163 1389 222 1456 163
254 1437 264 1468 ,
284 1384 381 1468 irs-4⁰.
715 1453 716 1456 ,

201 1415 265 1564 Vi.
282 1497 479 1561 Fastomm¹
494 1490 570 1558 labri
580 1515 643 1558 sca·
648 1494 793 1581 priores,
809 1487 967 1578 (totidem
974 1492 1138 1556 mensium
1151 1491 1230 1557 festa

160 1617 193 1671 et
205 1605 349 1670 rationes
363 1627 380 1668 e
393 1602 636 1668 commentariis
649 1597 852 1665 Pontificum
863 1600 1020 1690 repetitas
1034 1598 1230 1690 complexi),

160 1713 219 1802 qui
231 1710 292 1776 soli
306 1733 345 1775 ex
357 1704 534 1774 duodecim
545 1717 675 1772 aetatem
685 1705 855 1787 tulerunt,
872 1707 1021 1797 inscripti
1032 1704 1233 1772 Germanico

161 1820 301 1900 cesari,
324 1816 472 1883 versibus
487 1816 600 1906 elegis.
618 1816 865 1882 Commemorat
881 1811 1025 1881 Ovidius
1038 1814 1111 1905 ipse
1126 1817 1229 1880 Trist.

160 1930 197 1995 11
204 1933 216 2003 ,
232 1924 311 2018 5493
326 1936 425 2016 atque
439 1926 475 1989 in
487 1925 599 1992 exsilio
610 1950 629 1989 a
639 1923 770 1991 Nasone
781 1924 959 1991 recensitos
971 1922 1228 1990 notavitEsech.

163 2030 486 2127 spanhemius,libro
498 2030 540 2100 de
550 2031 874 2113 Usunnmismatum,
883 2055 959 2123 pag.
972 2029 1052 2098 608.
1062 2030 1229 2098 Nicolaum

164 2140 303 2234 quidem
315 2141 493 2208 Heinsinm
508 2143 641 2208 monuit
653 2142 708 2207 Jo.
721 2142 751 2207 F
751 2140 819 2208 rid.
834 2141 1040 2220 Gronovius,
1055 2140 1229 2231 inspectam

164 2251 229 2318 sibi
238 2251 338 2317 fuisse
347 2253 383 2316 in
393 2249 516 2317 Norico
527 2262 692 2317 vetustam
702 2251 840 2318 Nasonis
850 2248 1047 2329 editionem,
1061 2251 1118 2315 cui
1127 2247 1232 2318 celtes

166 2359 357 2437 Protacins,
384 2359 441 2447 qui
457 2359 585 2449 primus
600 2372 675 2448 post
689 2369 818 2425 renatas
835 2358 945 2426 literas
959 2359 1073 2449 poesin
1096 2361 1132 2424 in
1150 2359 1234 2427 Ger·

167 2466 276 2533 mania
296 2466 507 2545 instauravit,
535 2488 637 2530 manu
658 2492 718 2534 sna
742 2464 980 2557 adscripsisset,
1008 2464 1153 2558 reliquos
1182 2489 1234 2532 sex

168 2574 343 2642 Fastorum
358 2570 466 2639 libros'
476 2573 600 2637 servari
617 2572 708 2664 apud
725 2574 963 2666 Presbyterum
977 2576 1015 2639 in
1028 2596 1107 2668 pago
1128 2597 1233 2666 prope

170 2683 322 2765 Ulmam,
345 2683 618 2775 principiumque
640 2686 774 2776 septimi
799 2683 879 2751 libri
905 2687 940 2750 in
961 2684 1019 2751 illo
1044 2681 1151 2753 codice
1167 2682 1234 2750 tale

173 2805 340 2861 exaratum
354 2790 453 2856 fuisse
471 2817 479 2856 ε

338 2953 382 3008 Tu
395 2971 500 3021 quoque
512 2952 606 3006 mutati
618 2971 706 3007 causas
719 2964 746 3007 et
759 2956 868 3009 nomina
878 2956 974 3011 mensis
986 2997 994 3024 ,

370 3045 432 3100 Ate
444 3043 487 3113 qui
501 3044 633 3114 seqnitur,
648 3044 760 3099 maxime
775 3045 880 3112 Cesar,
892 3047 978 3101 habes

173 3175 241 3265 Sed
257 3198 395 3264 Heinsio
407 3194 544 3262 videtur
558 3194 669 3264 Celtes
685 3195 727 3263 ab
741 3197 852 3290 aliquo
864 3195 1043 3287 deceptus,
1063 3201 1122 3292 qni
1137 3202 1241 3265 visum

172 3302 237 3368 sibi
263 3316 363 3396 atque
388 3306 578 3395 inspectum
603 3303 832 3388 hujuscemodi
859 3303 1007 3371 codicem
1037 3305 1236 3372 affirmasset.
1287 3287 1291 3303 ⁸

174 3411 258 3479 Nam
272 3413 460 3481 Lactantius
476 3423 511 3478 et
523 3410 581 3478 alii
596 3425 725 3480 veteres
741 3438 844 3506 quum
858 3415 959 3482 multa
976 3439 994 3481 e
1009 3417 1113 3482 Fastis
1126 3413 1238 3482 Ovidii

173 3518 344 3611 proferant
355 3523 389 3585 in
403 3518 568 3603 medium,
586 3545 604 3586 e
616 3518 712 3587 libris
726 3519 910 3614 deperditis
922 3523 1008 3590 nihil
1017 3546 1149 3616 prorsus
1158 3543 1241 3614 pro-

174 3628 311 3710 ducunt,
325 3641 364 3695 ut
376 3642 505 3696 certnm
515 3632 570 3713 sit,
583 3630 747 3723 reliquam
757 3633 934 3700 Fastorum
943 3648 1069 3727 partem
1082 3629 1148 3716 iam
1162 3647 1242 3703 ante

174 3731 279 3800 multa
293 3732 403 3800 secula
422 3735 640 3804 intercidisse.
658 3739 722 3804 Eos
738 3741 838 3807 etiam
854 3743 890 3805 in
906 3739 994 3808 Bibl.
1011 3741 1108 3832 Regis
1125 3740 1245 3809 Galliae

177 3853 300 3909 exstare
315 3840 395 3909 salso
410 3847 542 3936 scripsit
555 3847 721 3913 Antonius
734 3847 946 3916 Constantius
959 3849 1118 3947 de1⁴’ano⁸⁴
1131 3852 1246 3942 Atque

209 4032 218 4063 ¹
236 4029 376 4101 vignolius
392 4031 562 4101 Matrinius,
584 4045 647 4088 torn.
665 4034 693 4090 ll
720 4035 831 4093 Miscelt
844 4037 914 4092 Hist.
935 4050 962 4093 et
980 4039 1088 4095 Literat.
1101 4060 1158 4111 pag.
1180 4041 1247 4095 306:

175 4111 227 4167 les
239 4117 331 4170 Fortes
343 4117 453 4171 d'Oar'de
466 4117 619 4187 ressemea!
625 4123 688 4190 ples
703 4121 856 4176 d'lndatebn
870 4125 995 4192 qa'aacun
1010 4134 1082 4180 autre
1097 4147 1204 4196 ouvrage
1218 4130 1250 4180 le

175 4193 320 4265 I'aauan'u
331 4217 339 4251 .·
350 4198 416 4253 c'est
434 4202 459 4253 Ie
474 4199 657 4268 edes-d’aeum
675 4205 706 4255 de
724 4221 754 4256 ce
764 4209 852 4271 poete,
871 4217 897 4257 e!
912 4225 960 4260 uae
974 4213 1061 4275 espece
1081 4210 1114 4260 de
1132 4209 1250 4262 denses

174 4296 298 4348 pesenae.
316 4279 435 4352 Scriptor
449 4297 503 4336 1111
521 4284 600 4338 secuti
620 4285 652 4339 de
667 4285 826 4341 mirabilibus
843 4288 953 4355 Roma),
974 4310 1053 4360 quam
1072 4289 1156 4343 edidit
1175 4294 1251 4343 Bm.

175 4366 207 4416 de
216 4364 385 4431 Monllcsucon
402 4367 431 4420 in
452 4366 545 4422 Diario
557 4368 661 4438 italico,
673 4391 729 4440 cap.
743 4389 791 4439 xx,
810 4393 866 4443 pag.
881 4378 947 4450 293,
962 4375 1071 4446 appellat
1089 4377 1247 4448 Martyrola-

173 4452 241 4515 51'nm
252 4450 338 4501 an'de'a'
351 4451 383 4498 de
394 4451 487 4503 Fastis.
