2768 4694
486 369 586 435 ess
609 370 642 435 J.
666 370 894 438 messos.
1176 381 1220 468 95

157 537 176 568 n
196 507 342 579 Pansam
356 504 507 580 Bononia
525 523 596 579 tum
613 507 843 606 procedentem
860 510 1029 612 profectus
1043 529 1112 601 est;
1127 541 1221 588 eum-

159 654 177 683 »
201 649 268 720 que
282 619 406 695 insidiis
422 640 598 722 exceptum
614 620 812 711 vulneravit,
830 623 949 699 milites
966 625 1036 724 ejus
1052 627 1217 703 occidit...

158 767 176 797 »a
199 735 310 831 Quam
326 763 395 810 rem
410 762 515 836 quum
532 736 643 809 Caesar
660 736 855 837 Hirtiusque
870 738 1126 827 intellexissent,
1141 742 1220 816 Hir-

157 882 176 914 ι»
195 850 263 925 tius
279 877 320 944 ex
332 851 449 925 itinere
464 867 610 950 utroque
623 879 802 952 pugnaque
816 851 994 949 defatigato
1008 856 1157 929 Antonio
1171 886 1222 933 oo

156 998 175 1029 »
193 965 319 1052 currit,
346 968 473 1040 Caesare
496 965 538 1039 ad
556 983 663 1040 castra
680 966 881 1041 defendenda
897 969 1014 1042 relicto
1034 979 1066 1058 ¹,
1083 999 1223 1072 eumque

154 1080 321 1174 »insigni
345 1079 484 1154 victoria
516 1082 690 1180 superavit.
720 1116 737 1146 »
769 1082 952 1182 subjungit
976 1085 1123 1159 Hirtium
1155 1115 1222 1161 non

152 1192 275 1280 modo,
293 1191 353 1264 sed
371 1209 405 1266 et
419 1193 577 1280 Pansam,
599 1197 825 1296 Caesaremque
849 1225 870 1269 o
893 1197 1038 1271 rm'lc'tibus
1059 1214 1221 1302 nautaque

155 1308 355 1406 imperatores
369 1309 534 1383 mistos
550 1337 620 1383 esse.
645 1313 720 1384 Huc
738 1313 873 1413 respicit
888 1315 977 1388 Naso
998 1313 1041 1387 ad
1050 1314 1134 1390 ‘xvlt
1153 1315 1217 1390 kal.

159 1421 286 1509 Maias,
304 1421 383 1496 ibid
401 1450 480 1498 rers.
499 1423 658 1526 673676
678 1458 686 1500 :

323 1590 399 1642 Ilm
407 1590 540 1659 quondam
552 1590 686 1664 Cytherea
698 1596 762 1646 diem
775 1596 957 1664 properantius
968 1596 1005 1650 iro

351 1678 448 1747 hesit,
460 1691 488 1733 et
498 1680 627 1736 :thereos
638 1684 806 1753 precipitavit
819 1705 915 1754 equos,

319 1769 358 1824 Ut
368 1775 467 1825 titulare
480 1779 665 1844 cleperr'r'quam
678 1775 792 1844 primum
802 1779 859 1830 loce
868 1785 982 1846 sequenti

346 1864 468 1934 Augusto
478 1865 568 1934 juveni
575 1887 697 1934 prospera
710 1872 776 1920 belle
786 1869 879 1922 darent
891 1891 898 1934 ς

155 2032 192 2078 ex
208 2004 336 2106 quilius
358 2003 486 2106 liquido
503 2023 612 2107 patet,
628 2006 817 2107 praedictam
836 2006 876 2080 de
890 2009 939 2080 M.
954 2009 1102 2082 Antonio
1118 2011 1218 2086 vr'cto-

156 2123 226 2194 nbm
245 2131 259 2160 ²
275 2121 380 2196 luisse
402 2139 626 2223 reportatam,
654 2151 692 2195 ac
713 2124 900 2223 tiupcroton's
920 2123 1052 2198 titulum
1078 2127 1219 2223 singulis

156 2240 294 2314 ducibus
317 2270 337 2314 a
362 2239 527 2314 militibus
551 2241 683 2327 datum,
708 2269 770 2341 pro
790 2241 901 2314 Ovidii
919 2242 1068 2332 calculis,
1086 2245 1139 2319 die
1156 2267 1216 2319 xv1

156 2356 281 2430 kalend.
309 2356 436 2443 Maias3
454 2373 554 2455 atque
571 2356 709 2456 proinde
730 2357 867 2430 Pansam
884 2359 996 2432 eodem
1013 2359 1068 2433 die
1087 2359 1220 2434 vulnera

158 2474 338 2574 accepisse;
364 2474 527 2574 siquidem
551 2473 616 2547 boc
638 2473 772 2548 collatio
797 2502 871 2546 cum
888 2476 1010 2550 Dionis
1032 2477 1219 2550 narratione

159 2586 272 2677 docet,
289 2607 386 2688 atque
398 2588 598 2687 praecaeteris
609 2589 742 2674 Cicero,
755 2615 823 2660 reru
840 2587 1217 2688 dilucideprosequens:

165 2733 180 2764 «
200 2702 311 2773 Unius
338 2717 461 2789 autem,
479 2701 527 2773 ait
545 2699 577 2790 ³,
593 2701 657 2775 diei
682 2719 764 2801 qnot
785 2719 818 2774 et
840 2717 971 2800 quantae
986 2701 1143 2787 virtutes,
1161 2702 1217 2775 Dii

162 2848 179 2880 a
197 2814 733 2917 immortales,luerunt?Princeps
743 2817 830 2891 enim
840 2817 988 2890 omnium
1000 2817 1105 2890 Pansa
1115 2816 1218 2918 praelii

161 2967 177 2998 o
194 2934 350 3020 faciendi,
374 2951 409 3007 et
425 2962 495 3008 cum
508 2935 661 3008 Antonio
677 2935 873 3030 confligendi
894 2935 1003 3008 luit...
1033 2936 1098 3009 Sed
1115 2966 1217 3036 quum
1286 2948 1288 2953 ⁴

164 3081 178 3111 u
195 3048 358 3123 libertatis
373 3047 467 3122 arida
483 3048 568 3144 legio
585 3046 755 3142 (Martia)
768 3048 958 3124 ellrenatius
975 3050 1007 3121 in
1025 3048 1127 3123 aciem
1143 3049 1217 3122 hos·

163 3197 178 3227 »
195 3165 278 3238 tium
292 3165 466 3265 irrupisset
476 3222 485 3253 ‚
496 3165 633 3265 ipseque
643 3163 677 3234 in
690 3163 804 3263 primis
817 3167 922 3238 Pansa
936 3183 1116 3265 pugnaret,
1132 3169 1216 3238 duo-

162 3316 177 3344 »
192 3282 256 3357 bus
278 3282 473 3384 periculosis
494 3280 686 3356 vulneribus
706 3283 821 3380 (NB.)
838 3285 1003 3386 acceptis,
1033 3281 1184 3358 sublatus
1201 3311 1217 3355 e

160 3431 177 3463 a
192 3400 304 3500 praelio
320 3402 450 3502 reipub.
471 3400 573 3471 vitam
588 3398 781 3486 reservavit,
801 3416 861 3471 etc.
880 3432 897 3463 »

136 3532 140 3537 '
201 3519 382 3612 Negotium
391 3536 501 3592 tamen
513 3514 585 3608 hic,
605 3513 829 3616 quoadpraelii
842 3514 947 3601 diem,
961 3512 1222 3618 facessitGalbze

195 3707 204 3735 ¹
222 3705 288 3758 Eum
300 3727 402 3778 quoqne
414 3707 510 3762 eodem
522 3706 563 3760 die
575 3726 632 3759 rem
644 3705 756 3759 feliciter
772 3705 852 3775 egisse
864 3715 975 3758 testatur
996 3703 1103 3766 Cicero,
1125 3698 1218 3766 Philip.

159 3802 210 3840 xlv
222 3805 229 3838 :
239 3809 251 3831 ι
262 3788 312 3842 Hic
323 3809 398 3860 ergo,
410 3793 465 3857 ait,
478 3789 626 3843 adolesoens
637 3789 742 3841 maximi
758 3788 854 3855 animi,
870 3799 900 3841 ut
910 3786 1042 3840 verissime
1054 3783 1141 3839 scribit
1153 3782 1219 3833 Hir·

158 3893 172 3916 ιι
186 3869 253 3935 tius,
266 3882 350 3922 castre
364 3873 505 3926 multarum
516 3873 650 3944 legionum
663 3872 750 3942 paucis
765 3872 916 3926 cohortibus
931 3881 1029 3923 tutatus
1047 3879 1098 3927 est,
1120 3885 1219 3918 secun-

155 3976 170 4000 ·
184 3952 305 4022 dumque
317 3953 431 4022 prelium
445 3957 538 4009 fecits

189 4040 201 4068 ²
218 4037 263 4090 De
276 4056 328 4106 qua
339 4037 398 4089 vide
411 4039 584 4107 Ciceronem,
598 4039 664 4094 Phil.
674 4038 739 4093 XIV
749 4060 758 4106 ς
770 4039 814 4094 lib.
828 4041 868 4111 X,
881 4038 965 4104 Epist.
977 4033 1040 4084 lam.
1052 4047 1122 4097 xxa,
1138 4041 1186 4085 etc.

187 4117 198 4152 ¹
215 4121 312 4191 Philip.
324 4120 368 4175 lib.
379 4120 455 4174 xlv,
