2752 5136
399 885 401 889 .
442 834 509 901 ET
534 829 910 902 PRAEFATIONES.
1139 836 1204 903 305

149 975 318 1077 graphia,
337 989 371 1047 et
384 971 589 1068 astrologia,
619 988 654 1044 et
667 971 813 1058 musica,
836 987 870 1043 et
889 971 969 1045 artis
990 974 1159 1063 oratoria,
1176 995 1210 1051 et

149 1090 285 1167 moralis
300 1089 521 1191 naturalisque
535 1086 759 1188 philosophia
775 1087 861 1159 ratio
879 1087 1087 1188 exprimitur,
1105 1108 1145 1164 ut
1157 1095 1227 1166 cui

152 1202 266 1278 Ovidii
287 1202 567 1304 Metamorphosis
588 1200 672 1274 hene
696 1216 851 1299 percepta
871 1198 933 1285 sit,
959 1199 1150 1276 facillimum
1169 1203 1210 1277 ad

150 1347 264 1396 omnes
285 1318 476 1421 disciplinas
501 1316 627 1390 aditum
657 1314 859 1402 habiturus,
879 1340 987 1415 neque
1012 1314 1212 1394 difficultatis

153 1433 328 1535 quiequam
345 1435 381 1507 in
397 1433 469 1508 ullo
481 1431 549 1526 sere
566 1429 770 1531 poeticomm
786 1458 923 1531 operum
939 1430 1132 1507 inventurus
1143 1462 1212 1509 esse

152 1551 308 1628 rideatur.
327 1548 499 1648 Quicquid
516 1548 601 1620 enim
618 1544 765 1646 preclari
780 1549 942 1635 Musaus,
962 1549 1137 1649 Orpheos,
1155 1552 1213 1625 Li-

152 1696 233 1755 nus,
252 1670 439 1752 Homerus,
461 1665 634 1762 Tyrtaeus,
651 1659 841 1749 Hesiodus,
859 1663 1046 1766 Panysius,
1063 1666 1214 1739 Antima-

147 1782 255 1868 chus,
278 1781 419 1863 Aratus,
441 1773 638 1863 Pisandros,
664 1776 845 1865 Nicander,
864 1778 1082 1878 Euphorion,
1100 1781 1213 1855 Theo-

151 1897 275 1982 critus,
289 1892 491 1995 Apollonios
508 1893 565 1992 qui
573 1893 795 1988 Argonautica
806 1895 956 1995 scripsit,
976 1893 1215 1987 Callimachus,

152 2010 320 2099 Philetas,
329 2007 562 2093 Mimnermus,
574 2005 753 2096 Pindarus,
768 2009 994 2095 Stesichorus,
1007 2008 1151 2098 Alcaus,
1164 2012 1217 2085 Si-

154 2124 327 2211 monides,
346 2122 485 2224 ibycus,
501 2120 733 2222 Bacchylides,
748 2121 937 2209 Anacreon,
953 2122 1112 2214 Alcman,
1131 2127 1218 2228 Sop-

157 2244 245 2346 pho,
262 2243 435 2342 Coryoua,
449 2238 690 2325 Archilochus,
707 2239 870 2327 Ananias,
885 2240 1083 2341 Hipponax,
1095 2243 1219 2330 Arion,

157 2359 321 2460 Thespis,
340 2355 569 2456 Phrynichus,
584 2353 784 2454 AEschylus,
802 2354 1004 2458 Sophocles,
1021 2359 1219 2460 Euripides,

157 2476 237 2563 lon,
253 2471 401 2559 Acheus,
415 2471 587 2557 Cratinus,
602 2466 761 2578 Eupolis,
774 2468 1007 2559 Pherecrates,
1023 2472 1222 2573 Aristopha-

159 2616 235 2677 nes,
253 2586 457 2673 Menander,
476 2583 672 2673 Philemon,
690 2582 885 2670 Philistion,
907 2587 1129 2688 Pherecydes,
1152 2593 1220 2664 He-

159 2701 315 2789 rodotus,
332 2698 522 2787 Diodorus,
538 2698 658 2799 aliique
673 2700 773 2800 prisci
790 2720 823 2772 et
837 2717 941 2800 poetae
957 2719 989 2774 et
1008 2701 1158 2777 historici
1179 2702 1221 2778 li-

151 2832 302 2890 terarum
319 2810 542 2891 monumentis
559 2813 844 2896 eommmdarunt;
863 2811 900 2883 id
916 2840 1010 2887 omne
1029 2814 1170 2888 Ovidius
1186 2816 1221 2889 iu

158 2961 254 3006 suam
269 2927 558 3028 Metamorphosin
576 2912 783 3003 hanstulisse
796 2926 925 3001 videtur
926 2983 1010 3000 .....

266 3270 494 3347 nussim
522 3220 796 3350 curucam
822 3272 1117 3348 nnoccsrro

238 3440 240 3444 ⁴
383 3456 388 3463 ·
422 3440 532 3496 surr
559 3440 951 3511 mnrsnonrnosns,

554 3623 679 3665 ncosrar
695 3621 833 3676 runem,
907 3628 910 3634 ’
989 3623 991 3626 ’

183 3778 227 3844 n.
252 3750 485 3843 corconi
518 3772 721 3840 conum
751 3774 815 3838 en
840 3771 1204 3846 nnnnnrsuno.
1332 3733 1338 3747 ’

219 3960 476 4034 Snrttttutfflno
493 3987 620 4035 meeum
636 3959 748 4033 mirari
766 3958 876 4047 soleo,
900 3956 1039 4034 illustris
1052 3964 1224 4067 princeps,

170 4075 305 4150 unicum
321 4093 441 4146 nostra
458 4075 561 4148 atatis
578 4073 698 4163 decus,
720 4091 883 4149 naturane
903 4073 1043 4163 malitie,
1061 4104 1102 4149 an
1119 4078 1227 4152 homi·

171 4218 252 4267 num
277 4190 375 4262 ascita
398 4187 576 4286 petulantia
597 4191 673 4279 liat,
697 4207 736 4266 ut
749 4190 832 4265 nihil
857 4208 923 4265 tam
942 4191 1041 4279 hene,
1060 4192 1143 4265 nihil
1162 4213 1226 4271 tam

171 4304 312 4381 feliciter
326 4319 500 4392 nascatur,
518 4304 607 4405 quod
627 4334 696 4380 non
722 4304 936 4409 quorumdam
958 4305 1154 4380 cavillationi
1170 4339 1228 4411 pa-

174 4439 249 4495 teat„
265 4416 368 4516 Quod
383 4416 463 4490 adeo
480 4416 686 4495 manifestum
702 4419 741 4494 lit
761 4421 795 4493 in
809 4419 874 4494 hoc
890 4439 989 4522 poeta
1005 4438 1143 4512 nostro,
1161 4452 1228 4524 quo

174 4536 228 4610 rix
253 4534 431 4636 quisquam
452 4532 637 4634 copiosius,
653 4562 751 4612 nemo
762 4536 958 4635 jucundius,
975 4565 1012 4611 ac
1029 4537 1111 4612 citra
1132 4567 1227 4615 omne

292 4654 405 4723 VIII.
1009 4680 1052 4723 ao
