2768 4694
196 325 237 414 7⁸
476 318 514 382 e.
544 316 722 386 ov1n11
746 317 970 385 ursolus

192 459 284 560 poris
296 475 377 531 natu
389 454 528 554 majores
539 454 677 530 adsidue
690 455 810 544 coluit,
822 473 922 558 atque
934 484 953 529 a
965 455 1153 531 minoribus
1166 486 1264 561 eque

193 576 302 651 cultus
323 575 394 675 ipsc
419 589 479 647 est
503 572 587 668 Quae
614 573 724 647 omnia
745 572 781 675 in
804 573 906 647 Trist.
931 572 990 645 lib.
1013 573 1073 660 lv,
1092 573 1186 671 Eleg.
1208 598 1263 667 x,

195 690 433 791 elegantissime
450 689 497 764 sic
514 689 655 763 scribit:

354 887 478 941 Protinus
490 884 632 939 excolimur
645 884 745 949 teneri,
756 904 870 954 curaque
883 884 998 954 parentis

387 978 460 1031 Imus
473 974 504 1028 ad
518 973 633 1044 insignes
644 974 725 1028 Urbis
735 975 767 1028 ab
779 985 833 1028 arte
848 976 924 1030 viros.

357 1067 451 1120 Frater
463 1065 495 1118 ad
509 1065 644 1134 eloquium
658 1063 734 1117 viridi
747 1065 871 1118 tendebat
883 1065 915 1118 ab
925 1084 996 1132 sero,

390 1156 480 1210 Fortia
492 1155 593 1208 verbosi
606 1165 682 1208 natus
694 1154 726 1209 ad
739 1173 811 1213 arma
821 1154 881 1212 lori.

361 1250 397 1302 m
412 1246 477 1299 mibi
489 1247 543 1315 jam
556 1264 639 1314 puero
651 1244 760 1299 caelestia
771 1266 842 1299 saera
854 1245 1004 1315 placebant,

389 1339 474 1405 lnque
488 1354 566 1389 suum
576 1335 670 1389 turrim
681 1335 761 1389 Musa
772 1335 891 1389 trahebat
902 1353 977 1405 opus.

366 1428 443 1496 Sscpe
456 1437 531 1496 pater
542 1424 605 1479 dixit
617 1446 625 1479 ι
639 1425 764 1480 Studium
776 1425 839 1494 quid
852 1426 943 1480 inutile
954 1428 1059 1483 tentes?

390 1515 537 1569 Meonides
549 1515 631 1568 nullas
642 1516 696 1585 ipse
709 1514 815 1584 reliquit
825 1534 896 1584 opes.

361 1606 452 1660 Motus
465 1624 538 1660 eram
550 1605 636 1672 dictis,
650 1616 759 1674 totoque
771 1605 900 1660 Helicone
912 1606 1020 1674 relicto,

391 1696 510 1750 Scribere
522 1697 637 1750 conabar
649 1697 727 1750 verba
737 1697 822 1750 soluta
834 1695 926 1751 modis.

362 1787 463 1859 Sponte
474 1808 521 1844 sua
533 1806 640 1843 carmen
651 1806 778 1842 nurneros
789 1788 910 1842 veniebat
920 1789 953 1843 ad
965 1799 1056 1859 aptos3

392 1880 441 1945 Et,
453 1879 523 1949 quod
537 1879 669 1932 tentabam
684 1877 786 1945 dicere,
799 1899 888 1932 versus
898 1890 962 1935 erat.

366 1971 490 2036 Interea,
504 1969 581 2023 tacito
594 1989 669 2038 passu
680 1969 826 2024 labentibus
837 1969 926 2035 annis,

393 2059 513 2113 Liberior
523 2058 597 2113 fratri
607 2070 729 2128 sumpta,
742 2059 859 2129 mihique
871 2069 931 2130 toga
942 2068 996 2113 est:

365 2148 541 2217 induiturque
553 2149 670 2202 humeris
681 2167 742 2203 curu
753 2150 806 2202 lato
819 2168 935 2219 purpura
943 2149 1028 2212 cler03

396 2239 432 2293 Et
442 2238 559 2292 studium
570 2241 659 2307 uobis,
672 2239 744 2309 quod
754 2239 805 2292 tuit
817 2252 892 2308 ante,
906 2252 1003 2294 manet.

362 2331 477 2399 Jamque
491 2328 583 2383 decern
595 2331 655 2383 vitu
665 2329 746 2383 frater
758 2330 936 2399 geminaverat
947 2350 1046 2398 annos,

400 2421 495 2488 Quum
506 2420 589 2489 perit,
602 2430 629 2473 et
639 2421 702 2489 coepi
714 2430 787 2489 parte
799 2440 887 2474 carere
900 2421 962 2476 mei.

368 2511 495 2580 Cepimus
508 2521 535 2564 et
547 2521 645 2563 tenerae
658 2509 756 2579 primos
768 2513 848 2565 etatis
860 2511 989 2575 bonores,

397 2602 492 2672 Deque
504 2602 565 2656 viris
578 2600 711 2670 quondam
722 2619 781 2669 pars
793 2602 875 2655 tribus
887 2622 940 2656 una
951 2602 996 2654 [ui.

367 2693 449 2747 Curia
460 2692 572 2745 restabat
583 2712 590 2754 ;
603 2690 667 2743 clavi
678 2709 802 2745 mensura
813 2704 901 2749 coacta
912 2703 965 2747 est:

399 2784 491 2852 Majus
502 2793 558 2835 erat
570 2781 664 2835 nostris
674 2782 771 2837 viribus
782 2784 844 2838 illud
857 2805 931 2839 onus.

369 2875 426 2928 Nec
437 2873 540 2941 patiens
549 2889 657 2940 corpus,
669 2891 717 2926 nec
728 2891 804 2928 mens
814 2873 863 2926 suit
873 2885 932 2942 apta
941 2874 1021 2929 labori
1035 2899 1041 2940 ;

397 2961 571 3036 Solliciteque
582 2960 661 3033 fugas
671 2962 822 3019 unbitioms
830 2982 918 3018 erasm

365 3053 400 3105 Et
411 3062 500 3121 petere
512 3052 606 3105 Aonie
616 3053 759 3108 madebant
770 3066 827 3109 tuta
841 3052 950 3107 Sorores

397 3142 474 3210 oria,
487 3141 584 3212 judicio
594 3161 698 3212 semper
709 3155 793 3198 amata
806 3163 874 3198 meo.

365 3233 504 3303 Temporis
516 3230 583 3286 illius
593 3233 660 3288 colui
671 3234 777 3303 fovique
787 3244 891 3304 poetas:

374 3395 377 3400 .
399 3324 528 3392 Quotque
540 3322 651 3379 aderent
660 3322 834 3390 vatee‚-rebar
845 3323 934 3381 adesse
941 3323 1020 3381 Deos.
1051 3311 1054 3317 ¹

357 3411 440 3482 'Sepe
453 3431 511 3465 suas
523 3413 639 3466 volucres
648 3412 711 3484 legit
723 3411 788 3473 mihi
800 3413 1007 3482 grandiorem,

402 3503 523 3572 Quaque
535 3514 614 3556 nocet
624 3513 742 3571 serpens,
754 3521 815 3572 quse
823 3503 894 3570 juvat
906 3504 1002 3571 herba,
1016 3505 1113 3560 Macer.

368 3593 443 3664 Soepe
455 3611 515 3647 suos
525 3593 615 3647 solitus
625 3593 734 3648 recitare
745 3593 897 3662 Propertius
907 3594 994 3663 ignes,

402 3683 469 3737 Jure
479 3683 590 3738 sodalitii
602 3684 649 3753 qui
659 3684 837 3754 milrijuuetus
848 3696 911 3738 erac

370 3773 495 3829 Ponticus
505 3774 601 3840 heroo,
612 3775 705 3833 Battus
715 3792 819 3844 quoque
830 3772 1014 3841 clarusiambis

403 3862 498 3916 Dulcia
508 3865 638 3919 convictus
649 3865 769 3937 membra
776 3864 851 3918 luere
863 3865 925 3919 mei.

371 3952 492 4006 Detinuit
505 3964 604 4007 nostras
616 3973 771 4011 numerosus
782 3954 907 4010 Horatius
917 3978 1009 4024 aures,

401 4043 475 4097 Dum
486 4043 548 4096 len‘t
559 4045 674 4100 Ausooie
685 4046 801 4103 carmine
812 4047 881 4102 culta
890 4050 953 4123 lyra.
