2768 4694
461 352 557 419 PER
581 354 614 419 J.
640 352 863 422 MASSONss
1134 379 1197 448 179

137 501 183 574 Id
194 498 285 574 illem
297 491 511 594 nauigaturis,
525 521 594 566 non
606 493 898 592 veroprrffectrirnis,
912 510 1044 592 tempus
1057 508 1198 594 spectat,

137 616 223 718 ruod
242 615 283 689 de
300 614 462 694 Arcturo,
493 608 609 682 Haedts
634 626 694 680 etc.
718 608 937 683 habetTrist.
964 609 1024 683 lib.
1049 611 1089 698 l,
1105 609 1198 706 Eleg.

137 733 197 809 ult.
214 761 295 808 vers.
320 726 454 802 13-16:
496 764 500 773 ·
650 754 652 760 ·

291 878 368 948 sepe
381 893 432 947 ego
443 876 568 929 nimbosis
579 872 673 927 dubius
685 875 799 943 jactabar
809 873 841 927 ab
855 876 963 942 Hedum·

325 965 506 1036 Sapeminax
520 965 634 1030 Steropes
645 963 730 1016 sidere
742 976 838 1033 pontus
849 975 905 1016 erat
918 983 925 1015 :

296 1057 478 1139 Fuscabutque
490 1054 563 1107 diem
574 1065 658 1106 custos
671 1057 867 1125 Erymanthidos
883 1056 974 1119 Urse,·

301 1179 304 1185 ·
335 1150 391 1205 Aut
404 1151 513 1221 Hyades
526 1148 590 1201 seris
602 1159 708 1200 auxerat
724 1149 821 1201 Auster
834 1149 920 1216 aquis,
932 1159 981 1202 etc.

182 1268 317 1343 Idcirco
335 1267 376 1341 ad
395 1294 505 1342 verum
515 1265 711 1366 prefictimir
740 1265 910 1363 Ovidianac
932 1285 1063 1367 tempus
1085 1295 1207 1342 eruen-

141 1388 243 1474 dum,
259 1382 344 1459 nihil
360 1400 409 1460 est
422 1411 524 1485 opus,
551 1401 590 1456 ut
603 1410 722 1478 magno
739 1381 908 1456 molimine
926 1384 1046 1458 horum
1064 1384 1208 1458 siderum

141 1522 254 1589 onus,
272 1501 323 1577 rel
339 1529 472 1578 occasus
492 1500 724 1588 discutiamus3
744 1530 846 1600 quum
869 1520 971 1604 poeta
985 1520 1100 1577 noster
1116 1505 1208 1577 hisce
1272 1570 1274 1575 ,

139 1618 359 1694 caracteribus
384 1615 585 1713 signaverit,
603 1601 672 1688 non
693 1644 789 1689 suum
807 1617 917 1690 Roma
936 1618 1134 1707 discessum,
1152 1622 1209 1695 sed

138 1735 332 1837 noergrotrirm's
343 1761 493 1820 cursum,
513 1734 607 1830 cujus
620 1760 764 1844 mensem
779 1730 897 1844 diserte
911 1735 1049 1808 nutavit.
1069 1736 1158 1811 Satis
1168 1738 1210 1812 ad

140 1881 177 1926 ea
193 1850 338 1925 Nasonis
354 1850 498 1924 carmina
512 1846 633 1922 melius
648 1843 860 1943 intelligenda
878 1849 942 1935 sit,
959 1848 1028 1923 hacc
1045 1851 1209 1926 ex'Plinio

141 1967 322 2040 adnotasse.
336 1967 370 2040 Is
383 1965 487 2061 igitur
498 1963 558 2039 lib.
574 1965 709 2050 XVIII,
724 1991 794 2063 cap.
810 1962 853 2035 31
873 1995 880 2037 :
899 1998 916 2028 «
934 1964 1051 2054 Sexto,
1067 1966 1127 2054 ait,
1142 1967 1208 2042 kal.

146 2119 164 2151 n
182 2083 344 2159 Novemb.
361 2081 510 2158 Succulae
528 2092 536 2124 ¹
554 2105 691 2183 vespere·
705 2081 907 2155 exoriuntur.
923 2083 1035 2158 Pridie
1049 2083 1114 2156 kal.
1137 2088 1211 2174 Coe-

147 2234 164 2266 »
184 2200 248 2274 sari
263 2203 427 2274 Arcturus
442 2199 580 2287 occidit,
596 2217 628 2272 et
644 2196 792 2272 Succulae
806 2199 998 2273 exoriuntur
1012 2230 1086 2274 cum
1098 2199 1177 2274 sole.
1192 2186 1208 2264 i

144 2318 214 2391 Iol).
229 2320 279 2406 Π,
297 2346 367 2417 cap.
380 2318 423 2415 47
441 2346 450 2386 t
468 2348 484 2377 «
500 2315 624 2388 Postid
635 2314 870 2416 aequinoctium
886 2315 1081 2415 (autumni)
1094 2316 1210 2390 diebus

146 2465 164 2498 a
181 2433 246 2508 sere
259 2451 403 2533 quatuor
413 2448 446 2503 et
457 2429 667 2530 quadraginta
679 2428 902 2525 Vergiliarum
914 2459 1047 2505 occasus
1058 2433 1210 2531 hyemem
1232 2426 1235 2435 ¹

146 2585 164 2615 u
182 2551 319 2623 inchoat
342 2579 349 2620 :
375 2548 476 2650 quod.
485 2564 615 2644 tempus
634 2547 666 2621 iu
687 2569 727 2624 111
751 2549 832 2621 Idus
854 2549 1050 2622 Novembris
1071 2549 1212 2623 inridere

146 2698 164 2729 »
186 2662 367 2736 consuevit.
388 2695 405 2726 »
433 2662 531 2735 Paria
546 2661 646 2734 tradit
666 2661 725 2736 lib.
742 2662 878 2747 XVIII,
899 2651 970 2762 cap.
994 2660 1062 2750 25,
1081 2687 1147 2763 29,
1165 2663 1213 2739 30

143 2794 179 2852 ct
197 2775 265 2864 31,
284 2775 371 2849 sicut
386 2792 419 2848 ct
433 2775 614 2871 vegetius,
639 2773 696 2848 lib.
720 2777 785 2864 IV,
802 2804 874 2876 cap.
905 2773 978 2875 39,
1005 2777 1098 2875 cujus
1115 2779 1212 2853 etiam
1295 2832 1298 2838 -

147 2897 247 2972 verba
266 2893 465 2992 subjungere
482 2891 599 2966 lubet:
619 2923 636 2956 s
653 2892 685 2964 A
699 2892 877 2966 Novembri
895 2910 1002 2966 autem
1015 2922 1126 2970 meuse
1142 2928 1211 2972 cre-

154 3013 258 3087 »bris
288 3009 540 3108 tempestatibus
555 3006 685 3103 navigia
704 3007 878 3081 conturbat
895 3007 1116 3104 Vergiliarum
1135 3013 1213 3115 hye-

156 3160 171 3192 a
188 3127 283 3204 malis
307 3153 451 3198 occasus.
476 3126 528 3197 Ex
551 3122 603 3195 die
620 3121 726 3216 igitur
742 3118 836 3195 tertio
854 3121 974 3195 Iduum
994 3125 1212 3215 Novembris,

158 3274 173 3304 »
188 3271 291 3344 usque
317 3240 352 3312 in
377 3240 464 3314 diem
484 3256 613 3312 sextum
633 3237 756 3311 Iduum
777 3236 971 3311 Martiarum
993 3241 1094 3314 maria
1121 3242 1213 3317 clau-

158 3388 173 3418 »
189 3357 322 3432 tluutur.
343 3390 360 3422 u

200 3470 308 3557 Alter,
329 3498 425 3572 quem
442 3468 603 3544 Calvisius
619 3468 766 3568 profert,
791 3463 885 3542 locus
906 3497 975 3542 nou
1001 3469 1118 3544 melius
1142 3472 1211 3568 ejus

157 3585 343 3657 seutentiam
356 3588 464 3683 juvat,
480 3585 550 3660 scil.
569 3586 670 3659 Trist.
690 3583 748 3656 lib.
768 3585 804 3672 I,
822 3583 873 3657 ΕΙ.
893 3603 954 3671 111,
974 3615 1021 3661 vs.
1037 3613 1081 3687 27
1098 3604 1130 3658 et
1144 3583 1209 3654 28:

316 3729 426 3800 Jamque
438 3732 604 3801 quiescebant
616 3751 692 3785 voces
703 3731 895 3801 hominumque
909 3751 1057 3802 canumque
1069 3775 1076 3800 ,

348 3818 470 3885 Lunaque
480 3828 626 3872 nocturnos
636 3817 687 3871 alta
699 3817 805 3887 regebat
815 3836 913 3887 equos,
927 3829 975 3873 etc.

189 3961 195 3988 ¹
214 3980 227 4002 «
243 3957 276 4010 In
288 3954 370 4009 cauda
383 3955 463 4011 Tauri
474 3970 574 4028 septem
583 3923 667 4028 &aa
676 3958 837 4028 adpellaverc
851 3959 992 4030 Vergiliae,
1005 3958 1032 4009 in
1045 3958 1133 4010 fronte
1145 3956 1212 4011 Suc·
1247 3985 1251 3993 ·

165 4060 176 4084 a
186 4041 268 4107 sulas,
278 4052 328 4097 etc.
340 4062 352 4086 a
364 4041 432 4095 Plio.
441 4039 482 4094 lib.
489 4041 515 4099 11
523 4081 531 4111 ,
540 4062 596 4112 cap.
606 4045 636 4109 41
647 4064 654 4106 ς
664 4041 724 4098 Aut.
733 4041 842 4109 Gellius,
851 4042 894 4095 lib.
906 4042 989 4105 x111,
997 4059 1077 4110 ειη
1086 4059 1092 4092 :
1102 4062 1115 4087 u
1124 4040 1212 4109 Quas,

167 4125 233 4192 uu,
246 4126 479 4191 Graeei'tltruluzr,
496 4145 542 4181 uos
555 4123 681 4195 Vergilia
691 4145 813 4183 vocamus
825 4166 832 4193 ,
848 4138 897 4180 etc.
909 4147 922 4172 ν
