2768 4694
487 333 582 399 PER
607 335 640 399 J.
666 331 901 401 Messon.
1159 337 1218 399 105

158 471 240 546 Caio
264 487 298 544 et
322 469 426 546 Lucio
454 468 641 543 Caesaribus
666 470 811 544 eamdem
837 489 946 567 togam
974 468 1086 558 dedit,
1101 468 1225 572 aliique

159 605 275 689 postea
292 603 501 671 sumseruut3
519 587 570 658 uti
594 587 635 658 cl.
654 585 818 662 Dodwell.
837 595 939 688 ¹post
953 583 1037 659 alios
1056 602 1143 661 recte
1163 587 1223 659 do-

158 704 237 777 cuit.
256 701 347 800 Quin
362 688 464 774 'etiam
479 698 689 774 doctissimus
708 701 867 776 Octavius
883 701 1053 779 Ferrarius
1071 696 1177 802 ²,qui
1194 720 1226 776 et

158 819 287 893 initium
310 816 353 889 15
368 817 449 890 anni
466 815 634 890 sumendae
646 845 709 917 pro
721 845 815 890 more
831 830 915 912 togae‘
931 816 1044 892 liherae
1054 816 1226 913 adsignat,

159 937 320 1012 existimat
332 962 408 1009 cum
417 934 591 1020 Manutio,
603 935 814 1029 Augustum,
828 935 996 1009 Ciceronis
1013 936 1090 1009 item
1103 934 1229 1025 lilium,

154 1070 189 1128 et
205 1051 289 1126 alios
307 1052 413 1126 serius
430 1050 467 1122 id
484 1050 590 1145 egisse
605 1050 709 1145 magis
725 1050 767 1123 ab
784 1050 847 1125 alia
864 1080 985 1139 causa,
1007 1079 1104 1152 quam
1119 1079 1138 1124 a
1154 1050 1226 1146 lege
1305 1090 1314 1111 x

155 1187 215 1243 aut
231 1195 334 1242 more.
353 1169 465 1262 Quem
482 1193 604 1240 morem
623 1167 650 1238 si
668 1168 810 1241 Nasonis
827 1166 934 1241 nostri
950 1185 1102 1267 parentes
1125 1169 1228 1241 secuti

120 1278 128 1285 ⁴
160 1285 308 1371 luerint,
329 1299 512 1384 potueruut
526 1282 614 1356 hisce
631 1282 844 1371 consulibus,
861 1302 894 1357 et
910 1282 1043 1384 quidem
1062 1283 1114 1357 die
1130 1311 1228 1384 supe·

163 1399 236 1473 rius
250 1416 387 1488 notato,
404 1399 575 1474 lterat‘bns
590 1428 727 1500 nempe,
745 1398 851 1473 lilium
875 1400 937 1473 hac
964 1398 1051 1472 virili
1074 1418 1153 1496 toga
1178 1399 1228 1470 iu-

163 1514 281 1605 duem,
303 1543 401 1616 quum
418 1516 489 1614 ejus
511 1514 554 1589 15
571 1544 678 1591 annus
693 1533 780 1591 esset
797 1517 831 1590 in
848 1516 947 1589 exitu.

208 1629 251 1701 ll.
278 1628 452 1730 Inprimis
474 1658 577 1730 porro
600 1630 690 1704 venit
713 1629 978 1717 observandum,
1004 1629 1095 1731 qnod
1111 1647 1225 1703 noster

160 1743 313 1844 predicta
328 1745 429 1819 Trist
458 1744 518 1818 lib.
537 1747 598 1833 IV,
618 1744 669 1819 El.
688 1766 730 1831 tt,
751 1747 790 1820 de
813 1747 876 1819 lato
897 1746 981 1820 closo
1003 1746 1069 1820 sihi
1087 1765 1119 1819 et
1133 1745 1225 1818 fratri

161 1856 258 1933 simul
277 1888 350 1933 cum
368 1876 448 1954 toga
462 1889 546 1960 pura
563 1860 642 1934 dato
661 1859 853 1958 subjungit,
873 1888 954 1933 vers.
976 1885 1042 1959 29:

322 2004 499 2074 induiturque
512 2004 630 2058 humeris
640 2024 703 2059 curn
714 2006 766 2059 lato
778 2025 893 2074 purpura
904 2006 984 2060 clavo.

161 2120 238 2207 ubi,
256 2121 482 2195 consentiente
497 2118 671 2193 doctorum
685 2122 901 2195 recentiorum
921 2121 932 2159 ³
953 2122 1111 2208 cohorte,
1125 2121 1228 2216 signi-

160 2239 233 2313 licat
250 2256 349 2340 poeta
366 2238 516 2310 indutam
540 2237 604 2310 sihi
621 2237 722 2312 luisse
739 2240 888 2325 tunicam,
910 2269 983 2341 quae
1001 2238 1226 2340 scriptoribus

161 2353 232 2426 aliis
256 2353 379 2426 dicitur
403 2351 505 2424 tunica
534 2351 592 2423 lati
615 2352 694 2426 clusi
711 2350 736 2440 ⁴,
756 2381 813 2426 seu
840 2353 991 2428 laticlaotr
1008 2351 1031 2425 ⁵.
1059 2353 1107 2425 At
1119 2350 1227 2425 Aldus

166 2470 336 2542 Manutius
355 2463 368 2504 ⁶
384 2466 463 2540 hinc
482 2465 567 2539 clare
583 2464 647 2540 sibi
661 2468 791 2542 videtur
809 2467 982 2564 colligere,
999 2468 1121 2540 hancce
1140 2468 1226 2540 tuni·

167 2609 234 2655 cam
251 2583 384 2656 omnino
395 2608 585 2681 purpureum
601 2581 712 2657 luisse.
729 2582 863 2657 Etenim
881 2613 985 2684 quum
1004 2583 1037 2655 iu
1055 2582 1141 2655 hanc
1159 2611 1227 2656 rem

169 2699 387 2773 testimonium
403 2725 441 2771 ex
459 2697 669 2795 Quintiliano
689 2717 721 2773 et
739 2700 900 2774 Cicerone
917 2700 1011 2802 prius
1038 2698 1226 2788 laudasset,

167 2813 284 2888 addit:
306 2846 322 2877 o
342 2814 460 2888 Vemm
481 2814 523 2886 de
546 2818 655 2889 tunica
681 2815 739 2889 lati
764 2816 847 2890 clavi
864 2844 1049 2918 purpurea,
1068 2834 1106 2888 ut
1130 2815 1226 2889 omit·

167 2962 184 2994 »
206 2947 321 3004 tantur
331 2928 441 3004 dubiae
453 2930 590 3006 fortasse
604 2933 710 3029 (NB.)
717 2932 794 3007 fidei
810 2932 1011 3019 testimonia,
1026 2933 1226 3032 satisaperta

168 3080 184 3110 n
202 3045 242 3119 lit
257 3044 453 3144 significatio
469 3046 502 3120 in
516 3049 583 3121 hoc
602 3046 716 3121 Ovidii
731 3076 826 3123 versu
840 3080 848 3122 :
864 3048 1022 3135 Induitur,
1041 3066 1102 3122 etc.
1119 3082 1135 3112 u
1157 3049 1227 3123 Oc-

167 3166 268 3239 tavius
285 3195 363 3240 vero
379 3165 570 3251 Ferrarius,
589 3164 647 3265 qui
666 3191 741 3239 cum
757 3164 831 3239 aliis
846 3165 1010 3240 existimat
1023 3167 1157 3250 tunicas,
1177 3166 1224 3237 uti

193 3326 203 3356 ¹
221 3322 394 3378 Praelectione
415 3339 433 3377 v
450 3321 483 3375 ad
503 3322 590 3392 Spart.
606 3320 735 3376 Hadrian.
753 3321 823 3375 Vide
836 3321 903 3392 Lips.
923 3321 955 3376 ad
973 3322 1055 3377 Tacit.
1072 3323 1169 3378 Annal.
1187 3323 1229 3375 tit.

165 3406 230 3474 ΧΗ,
244 3427 299 3477 rap.
311 3413 352 3476 41.

192 3493 204 3523 ²
219 3490 261 3544 De
275 3492 315 3546 Re
328 3489 429 3546 vestiar.
441 3490 486 3544 lib.
500 3491 528 3544 ll
539 3529 547 3555 ,
559 3509 613 3560 cap.
630 3511 650 3544 ι.

193 3568 205 3602 ²
220 3571 335 3627 tabente
348 3572 458 3642 quidem
473 3589 509 3625 xv
521 3573 607 3626 seculo
622 3573 745 3642 Cebfiruus
756 3573 872 3643 ingenue
884 3573 1031 3642 fatebatur,
1049 3595 1076 3628 se
1090 3576 1168 3642 hujus
1179 3573 1227 3625 loci

167 3650 343 3709 difficultatem
352 3655 444 3713 tollere
456 3674 511 3708 non
524 3657 635 3725 potuisse
646 3677 653 3719 ;
666 3675 752 3725 neque
763 3657 893 3711 feliciores
900 3670 976 3712 eraut
984 3659 1025 3712 alii
1035 3698 1043 3725 ,
1053 3678 1118 3728 quos
1127 3658 1154 3708 in
1164 3654 1226 3706 urbe

169 3734 253 3787 Roma
264 3739 327 3790 etin
338 3739 515 3793 celeberrimis
527 3739 609 3794 tenta
620 3739 760 3812 gymnasiis
771 3739 819 3794 hac
831 3741 864 3794 de
875 3760 903 3796 re
915 3742 1080 3797 consuluerat
1093 3758 1098 3789 :
1111 3737 1161 3790 vid.
1172 3737 1228 3803 eius

166 3817 199 3870 ad
213 3817 282 3873 hunc
293 3821 339 3877 loc.
350 3834 404 3878 not.

197 3905 208 3941 ⁴
226 3904 335 3959 Sueton.
347 3908 376 3960 in
388 3909 454 3980 Aug.
463 3930 520 3981 eap.
531 3915 572 3984 94.
634 3931 637 3938 ·

197 3991 209 4026 ⁵
225 3990 316 4043 Valet.
328 3990 433 4046 Maxim.
445 3995 487 4049 lib.
501 3994 536 4062 V,
546 4015 602 4066 cap.
613 4015 633 4050 ι.

224 4075 338 4145 Quaesit.
348 4095 397 4147 per
411 4077 489 4148 Epist.
499 4079 542 4133 lib.
552 4080 579 4135 ll
589 4121 597 4145 ,
609 4100 663 4149 cap.
675 4103 689 4133 n
701 4120 709 4146 ,
724 4079 757 4136 de
770 4080 845 4150 Toga
858 4082 935 4136 Rom.
