2768 4694
155 338 200 432 94
464 337 516 401 r.
548 337 731 406 0v1n11
764 336 898 404 vrra

154 479 235 564 erit,
261 493 300 548 ut
318 473 387 547 duo
404 473 466 546 hac
484 473 523 547 de
540 502 576 547 re
593 474 733 549 Nasonis
750 473 856 547 nostri
873 471 945 546 loca
961 471 1079 547 melius
1097 473 1221 551 intelli·

156 609 284 689 gantur.
995 683 998 687 ,

202 710 318 809 ltaque
336 734 438 806 quum
457 707 499 779 D.
517 708 642 781 Brutus
657 736 676 780 a
692 708 740 779 M.
759 705 909 778 Antonio
926 705 1066 778 Mutinae
1080 734 1143 807 per
1156 725 1223 782 tres

157 823 286 898 circiter
304 849 434 896 menses
449 821 604 897 obsessus
622 821 675 895 vir
686 822 752 921 jam
765 820 957 908 sustineret,
976 838 1074 921 atque
1091 824 1223 899 Hirtius

156 957 188 1014 et
205 939 315 1013 Caesar
332 935 524 1037 aliquandiu
541 966 616 1011 cum
633 936 728 1011 firmo
746 936 890 1012 exercitu
910 964 944 1010 se
961 938 1223 1028 continuissent,

127 1083 128 1089 ¹
156 1053 211 1130 ille
232 1053 406 1139 Clatemoe,
425 1054 480 1127 hic
495 1053 540 1127 ad
552 1053 673 1128 Forum
692 1052 885 1138 Comebum,
904 1072 941 1126 ut
952 1053 1093 1129 Pansam
1107 1058 1224 1132 Romae

158 1172 271 1272 copias
287 1200 326 1245 ex
343 1169 466 1244 dilectu
483 1169 584 1245 ltalia
602 1186 843 1271 comparantem
858 1186 1087 1269 exspectarent
1102 1180 1111 1210 ¹
1125 1200 1134 1258 ;
1148 1189 1224 1246 tan·

157 1285 231 1360 dem
246 1303 385 1385 uterque
402 1283 587 1380 conjunctis
604 1283 730 1355 viribus
754 1283 795 1356 ad
820 1283 862 1354 D.
889 1283 1032 1356 Brutum
1049 1284 1225 1359 obsidione

158 1397 363 1473 liberandum
387 1396 547 1497 profecti,
565 1394 656 1468 haud
672 1394 773 1489 longe
797 1394 840 1467 ab
859 1394 942 1469 urbe
960 1395 1095 1470 Mutina
1119 1416 1225 1474 castra

162 1513 277 1590 metati
289 1530 377 1586 sunt.
396 1545 413 1577 «
429 1510 605 1596 Antonius,
615 1537 717 1610 quum
731 1509 1076 1588 deditionemaBruto
1080 1514 1146 1614 jam
1155 1544 1225 1589 nou

163 1666 181 1696 »
201 1627 343 1729 amplius
356 1644 520 1729 speraret,
538 1624 695 1701 relictoin
709 1626 882 1700 obsidione
895 1627 990 1702 urbis
1004 1632 1041 1702 L.
1055 1631 1222 1717 Antonio,

162 1783 179 1813 »
200 1747 299 1822 fratre
317 1775 397 1834 suo,
415 1744 448 1817 in
467 1744 625 1818 Caesarem
644 1761 676 1817 et
687 1744 835 1818 Hirtium
847 1747 1017 1846 profectus
1034 1765 1093 1823 cst.
1109 1749 1225 1845 Quum

163 1901 180 1933 »
203 1883 308 1939 castra
320 1863 434 1938 castris
449 1880 557 1936 essent
571 1862 745 1965 opposita,
765 1890 825 1964 per
838 1862 967 1964 aliquot
980 1865 1050 1939 dies
1060 1870 1223 1968 equestria

160 2016 178 2047 »
200 1979 311 2082 pralia
329 1980 429 2067 levia,
450 1998 482 2054 et
508 1978 609 2052 dubia
634 1979 769 2053 uictoria
786 1983 959 2055 commissa
983 1999 1081 2071 sunt,
1103 2016 1121 2049 »
1142 2001 1224 2060 teste
1264 1997 1267 2008 ‘

158 2100 266 2172 Dione
279 2108 302 2171 ².
318 2102 366 2171 Et
377 2098 492 2199 paucis
504 2115 580 2198 post
593 2096 689 2171 lineis
700 2095 802 2185 addit,
816 2099 865 2171 M.
878 2100 1072 2189 Antonium,
1086 2135 1102 2167 u
1121 2131 1223 2204 quum

162 2246 180 2279 »
198 2213 463 2313 appropinquare
481 2213 618 2284 Pansam
635 2211 789 2296 sentiret,
812 2212 958 2286 hostium
983 2231 1087 2287 castra
1112 2244 1223 2317 oppu-

162 2362 181 2394 »
201 2357 300 2424 gnare
315 2327 415 2401 luisse
429 2355 617 2423 aggressum
631 2356 668 2413 »ς
687 2344 720 2399 at
731 2328 889 2400 Caesarem
901 2330 1113 2430 Hirtiumque
1128 2366 1145 2395 «
1159 2360 1223 2406 cas

164 2475 181 2506 a
201 2441 260 2515 tris
275 2469 354 2514 suos
370 2441 586 2525 continuisse,
606 2469 705 2540 eaque
724 2441 928 2515 custodiisse.
949 2477 965 2507 »

211 2559 264 2632 Ad
286 2558 371 2631 hanc
390 2557 673 2658 oppugnationem
688 2554 828 2631 feliciter
842 2558 884 2631 ab
902 2557 1013 2631 Hirtio
1032 2543 1224 2660 Casarcque

89 2720 92 2747 =
161 2674 324 2775 repulsam
341 2673 377 2745 id
393 2675 515 2760 resero,
535 2671 627 2771 quod
653 2671 783 2746 Ovidius
800 2677 955 2769 Augusto
972 2674 1166 2776 palpaturus
1181 2676 1222 2750 ad

162 2811 251 2864 xvtll
267 2790 396 2864 kalend.
414 2789 521 2863 Maias
536 2788 643 2875 canit,
661 2790 747 2862 Fast.
765 2787 823 2863 lib.
840 2793 898 2876 lV,
913 2819 995 2865 vers.
1012 2791 1196 2866 625-628:

327 2939 396 2991 Luce
407 2947 524 2990 secutum
537 2946 605 2989 tutos
616 2946 691 3005 pete,
702 2938 803 3002 navita,
816 2946 906 3005 portus
917 2957 923 2990 :

357 3026 460 3080 Ventus
472 3027 504 3079 ab
516 3044 607 3079 occasu
618 3026 744 3096 grandine
759 3028 849 3080 mistus
861 3027 897 3079 eri
902 3038 918 3080 t.
1034 3084 1036 3089 ⁴

324 3118 428 3173 Scilicet
437 3128 467 3172 ut
478 3117 570 3182 suerit,
584 3129 672 3172 umen
685 3118 733 3171 lrac
744 3121 900 3171 Matritensis
912 3121 998 3172 Cesar

359 3210 496 3265 Grandine
508 3213 600 3264 militia
611 3208 730 3264 contudit
743 3229 815 3262 anna
824 3228 879 3262 sua.

209 3345 338 3421 Deinde
349 3345 534 3433 Antonius,
549 3345 658 3445 pergit
666 3343 750 3430 Dio,
766 3378 782 3407 α
800 3342 910 3417 relicta
924 3344 970 3416 ibi
985 3360 1075 3443 parte
1086 3373 1220 3421 suarum

164 3496 183 3530 2>
202 3462 390 3560 copiarum,
402 3461 460 3562 qui
473 3478 576 3534 castra
592 3457 718 3556 (Hirtii
735 3458 952 3560 Caesarisque)
971 3479 1220 3560 oppugnarent,

165 3615 183 3646 »
202 3596 241 3652 ut
256 3579 372 3678 etipse
386 3577 496 3651 adesse
511 3577 645 3650 omnino
662 3574 861 3657 crederetur,
925 3573 1008 3650 clam
1021 3577 1060 3651 de
1073 3574 1171 3653 nocte
1185 3580 1220 3654 in

196 3763 205 3793 ¹
224 3758 294 3813 Vide
308 3757 393 3812 Cicer.
412 3758 455 3812 lib.
474 3759 547 3825 xn,
567 3759 649 3828 Epist
663 3760 724 3814 lam.
738 3776 756 3811 v
766 3769 793 3812 et
803 3776 850 3823 v1;
864 3761 929 3816 adde
948 3763 1028 3832 Epist.
1044 3781 1109 3830 xxv,
1124 3785 1156 3819 er
1169 3785 1220 3835 qua

163 3858 253 3917 patet,
276 3850 389 3900 Pansam
404 3844 553 3898 adhucdum
569 3848 673 3910 Rom,
693 3844 760 3899 etin
771 3847 875 3911 ricula,
898 3852 1104 3917 Quinquatribus,
1125 3851 1220 3903 settim

163 3932 249 3998 primo
263 3930 332 3984 Festi
346 3928 405 3994 die,
426 3945 473 3980 seu
492 3928 582 3981 Martii
602 3946 648 3982 xrx
667 3927 745 3982 luisse
764 3949 770 3981 :
790 3931 938 3988 conterius.
951 3952 1006 4005 pag.
1022 3955 1076 4004 sqq.
1093 3934 1218 4000 Adeoque

162 4011 247 4064 Pausa
259 4014 363 4066 videtur
374 4012 461 4064 Roma
471 4008 602 4079 profectus
614 4009 723 4065 ineunte
735 4012 827 4079 Aprili.

194 4093 206 4121 ²
222 4092 277 4145 Lib.
291 4093 381 4147 xtvt
392 4132 400 4161 ,
413 4111 469 4163 pag.
484 4091 540 4160 3¹7·
