<?xml version="1.0" encoding="UTF-8"?>
<!DOCTYPE html PUBLIC "-//W3C//DTD XHTML 1.0 Transitional//EN"
    "http://www.w3.org/TR/xhtml1/DTD/xhtml1-transitional.dtd">
<html xmlns="http://www.w3.org/1999/xhtml" xml:lang="en" lang="en">
 <head>
  <title>
</title>
<meta http-equiv="Content-Type" content="text/html;charset=utf-8" />
  <meta name='ocr-system' content='tesseract 3.04.00' />
  <meta name='ocr-capabilities' content='ocr_page ocr_carea ocr_par ocr_line ocrx_word'/>
</head>
<body>
  <div class='ocr_page' id='page_1' title='image "./publiiovidiinas02massgoog_0152.png"; bbox 0 0 2768 4694; ppageno 0'>
   <div class='ocr_carea' id='block_1_1' title="bbox 478 338 1202 431">
    <p class='ocr_par' dir='ltr' id='par_1_1' title="bbox 478 338 1202 431">
     <span class='ocr_line' id='line_1_1' title="bbox 478 338 1202 431; baseline 0.008 -22"><span class='ocrx_word' id='word_1_1' title='bbox 478 340 573 409; x_wconf 79' lang='lat' dir='ltr'>nnn</span> <span class='ocrx_word' id='word_1_2' title='bbox 596 342 629 408; x_wconf 85' lang='lat' dir='ltr'>r.</span> <span class='ocrx_word' id='word_1_3' title='bbox 655 338 877 411; x_wconf 76' lang='lat' dir='ltr'>nasson.</span> <span class='ocrx_word' id='word_1_4' title='bbox 1142 345 1202 431; x_wconf 69' lang='lat'>245</span> 
     </span>
    </p>
   </div>
   <div class='ocr_carea' id='block_1_2' title="bbox 141 478 1206 820">
    <p class='ocr_par' dir='ltr' id='par_1_2' title="bbox 141 478 1206 820">
     <span class='ocr_line' id='line_1_2' title="bbox 141 478 1205 581; baseline 0.004 -23"><span class='ocrx_word' id='word_1_5' title='bbox 141 484 236 558; x_wconf 90' lang='lat' dir='ltr'>dium</span> <span class='ocrx_word' id='word_1_6' title='bbox 261 483 299 556; x_wconf 92' lang='lat' dir='ltr'>in</span> <span class='ocrx_word' id='word_1_7' title='bbox 330 480 403 555; x_wconf 81' lang='lat' dir='ltr'>soro</span> <span class='ocrx_word' id='word_1_8' title='bbox 430 509 601 581; x_wconf 85' lang='lat' dir='ltr'>nunquam</span> <span class='ocrx_word' id='word_1_9' title='bbox 632 509 745 555; x_wconf 80' lang='lat' dir='ltr'>causas</span> <span class='ocrx_word' id='word_1_10' title='bbox 772 481 814 553; x_wconf 94' lang='lat' dir='ltr'>ad</span> <span class='ocrx_word' id='word_1_11' title='bbox 840 478 1080 557; x_wconf 82' lang='lat' dir='ltr'>causidicorum</span> <span class='ocrx_word' id='word_1_12' title='bbox 1101 484 1205 562; x_wconf 85' lang='lat' dir='ltr'>instar</span> 
     </span>
     <span class='ocr_line' id='line_1_3' title="bbox 141 595 1205 696; baseline 0.002 -22"><span class='ocrx_word' id='word_1_13' title='bbox 141 597 347 696; x_wconf 73' lang='lat' dir='ltr'>egisse,‚sed</span> <span class='ocrx_word' id='word_1_14' title='bbox 362 597 448 672; x_wconf 91' lang='lat' dir='ltr'>inter</span> <span class='ocrx_word' id='word_1_15' title='bbox 465 596 686 673; x_wconf 88' lang='lat' dir='ltr'>centumviros</span> <span class='ocrx_word' id='word_1_16' title='bbox 702 597 825 671; x_wconf 88' lang='lat' dir='ltr'>ibidem</span> <span class='ocrx_word' id='word_1_17' title='bbox 846 597 881 670; x_wconf 93' lang='lat' dir='ltr'>in</span> <span class='ocrx_word' id='word_1_18' title='bbox 903 595 1070 672; x_wconf 83' lang='lat' dir='ltr'>subselliis</span> <span class='ocrx_word' id='word_1_19' title='bbox 1084 599 1205 685; x_wconf 83' lang='lat' dir='ltr'>sedisse</span> 
     </span>
     <span class='ocr_line' id='line_1_4' title="bbox 143 715 1206 820; baseline 0.004 -29"><span class='ocrx_word' id='word_1_20' title='bbox 143 746 205 791; x_wconf 90' lang='lat' dir='ltr'>ceu</span> <span class='ocrx_word' id='word_1_21' title='bbox 215 717 367 817; x_wconf 87' lang='lat' dir='ltr'>judicem,</span> <span class='ocrx_word' id='word_1_22' title='bbox 378 744 416 790; x_wconf 87' lang='lat' dir='ltr'>ac</span> <span class='ocrx_word' id='word_1_23' title='bbox 426 716 661 791; x_wconf 86' lang='lat' dir='ltr'>advocatorum</span> <span class='ocrx_word' id='word_1_24' title='bbox 669 715 836 790; x_wconf 88' lang='lat' dir='ltr'>orationes</span> <span class='ocrx_word' id='word_1_25' title='bbox 844 715 1015 804; x_wconf 88' lang='lat' dir='ltr'>audivisse,</span> <span class='ocrx_word' id='word_1_26' title='bbox 1027 745 1206 820; x_wconf 86' lang='lat' dir='ltr'>causasque</span> 
     </span>
    </p>
   </div>
   <div class='ocr_carea' id='block_1_3' title="bbox 140 833 1211 2898">
    <p class='ocr_par' dir='ltr' id='par_1_3' title="bbox 140 833 1203 1052">
     <span class='ocr_line' id='line_1_5' title="bbox 140 833 1203 937; baseline 0.001 -27"><span class='ocrx_word' id='word_1_27' title='bbox 140 835 318 936; x_wconf 83' lang='lat' dir='ltr'>judicasse,</span> <span class='ocrx_word' id='word_1_28' title='bbox 336 835 428 937; x_wconf 88' lang='lat' dir='ltr'>qnod</span> <span class='ocrx_word' id='word_1_29' title='bbox 442 833 604 910; x_wconf 81' lang='lat' dir='ltr'>estsedcrc</span> <span class='ocrx_word' id='word_1_30' title='bbox 615 833 646 906; x_wconf 87' lang='lat' dir='ltr'>in</span> <span class='ocrx_word' id='word_1_31' title='bbox 659 833 806 934; x_wconf 75' lang='lat' dir='ltr'>aliquem,</span> <span class='ocrx_word' id='word_1_32' title='bbox 823 835 893 920; x_wconf 85' lang='lat' dir='ltr'>vel,</span> <span class='ocrx_word' id='word_1_33' title='bbox 905 850 943 906; x_wconf 91' lang='lat' dir='ltr'>ut</span> <span class='ocrx_word' id='word_1_34' title='bbox 955 836 1077 910; x_wconf 80' lang='lat' dir='ltr'><strong>Noster</strong></span> <span class='ocrx_word' id='word_1_35' title='bbox 1088 836 1203 925; x_wconf 84' lang='lat' dir='ltr'>babet,</span> 
     </span>
     <span class='ocr_line' id='line_1_6' title="bbox 142 948 552 1052; baseline -0.002 -30"><span class='ocrx_word' id='word_1_36' title='bbox 142 951 174 1022; x_wconf 84' lang='lat' dir='ltr'>in</span> <span class='ocrx_word' id='word_1_37' title='bbox 188 950 315 1052; x_wconf 80' lang='lat' dir='ltr'>ult&#39;cnjus</span> <span class='ocrx_word' id='word_1_38' title='bbox 329 949 427 1024; x_wconf 79' lang='lat' dir='ltr'>verbo</span> <span class='ocrx_word' id='word_1_39' title='bbox 440 948 552 1023; x_wconf 78' lang='lat' dir='ltr'>sedere.</span> 
     </span>
    </p>

    <p class='ocr_par' dir='ltr' id='par_1_4' title="bbox 146 1061 1211 2669">
     <span class='ocr_line' id='line_1_7' title="bbox 191 1061 1206 1165; baseline 0 -26"><span class='ocrx_word' id='word_1_40' title='bbox 191 1065 398 1140; x_wconf 87' lang='lat' dir='ltr'>Centumviri</span> <span class='ocrx_word' id='word_1_41' title='bbox 423 1082 533 1147; x_wconf 85' lang='lat' dir='ltr'>autem</span> <span class='ocrx_word' id='word_1_42' title='bbox 558 1061 617 1163; x_wconf 91' lang='lat' dir='ltr'>qui</span> <span class='ocrx_word' id='word_1_43' title='bbox 641 1062 782 1149; x_wconf 84' lang='lat' dir='ltr'>suerint,</span> <span class='ocrx_word' id='word_1_44' title='bbox 812 1063 926 1165; x_wconf 82' lang='lat' dir='ltr'>paucis</span> <span class='ocrx_word' id='word_1_45' title='bbox 950 1063 1048 1138; x_wconf 90' lang='lat' dir='ltr'>docet</span> <span class='ocrx_word' id='word_1_46' title='bbox 1066 1067 1206 1140; x_wconf 84' lang='lat' dir='ltr'>Festus:</span> 
     </span>
     <span class='ocr_line' id='line_1_8' title="bbox 148 1176 1206 1278; baseline -0.001 -23"><span class='ocrx_word' id='word_1_47' title='bbox 148 1214 164 1245; x_wconf 76' lang='lat' dir='ltr'>s</span> <span class='ocrx_word' id='word_1_48' title='bbox 185 1177 461 1266; x_wconf 81' lang='lat' dir='ltr'>Centumviralia,</span> <span class='ocrx_word' id='word_1_49' title='bbox 474 1178 602 1278; x_wconf 90' lang='lat' dir='ltr'>inquit,</span> <span class='ocrx_word' id='word_1_50' title='bbox 619 1176 740 1274; x_wconf 89' lang='lat' dir='ltr'>judicia</span> <span class='ocrx_word' id='word_1_51' title='bbox 758 1207 775 1251; x_wconf 92' lang='lat' dir='ltr'>a</span> <span class='ocrx_word' id='word_1_52' title='bbox 791 1178 1000 1252; x_wconf 87' lang='lat' dir='ltr'>centumviris</span> <span class='ocrx_word' id='word_1_53' title='bbox 1017 1179 1103 1253; x_wconf 89' lang='lat' dir='ltr'>dicta</span> <span class='ocrx_word' id='word_1_54' title='bbox 1119 1198 1206 1254; x_wconf 90' lang='lat' dir='ltr'>sunt.</span> 
     </span>
     <span class='ocr_line' id='line_1_9' title="bbox 148 1293 1208 1396; baseline 0 -28"><span class='ocrx_word' id='word_1_55' title='bbox 148 1328 166 1358; x_wconf 90' lang='lat'>»</span> <span class='ocrx_word' id='word_1_56' title='bbox 185 1297 274 1369; x_wconf 79' lang='lat' dir='ltr'>Nam</span> <span class='ocrx_word' id='word_1_57' title='bbox 294 1322 398 1394; x_wconf 86' lang='lat' dir='ltr'>quum</span> <span class='ocrx_word' id='word_1_58' title='bbox 415 1311 522 1369; x_wconf 87' lang='lat' dir='ltr'>essent</span> <span class='ocrx_word' id='word_1_59' title='bbox 537 1295 650 1368; x_wconf 83' lang='lat' dir='ltr'>Romae</span> <span class='ocrx_word' id='word_1_60' title='bbox 669 1293 801 1388; x_wconf 83' lang='lat' dir='ltr'>triginta</span> <span class='ocrx_word' id='word_1_61' title='bbox 819 1295 965 1394; x_wconf 89' lang='lat' dir='ltr'>quinque</span> <span class='ocrx_word' id='word_1_62' title='bbox 984 1295 1111 1382; x_wconf 91' lang='lat' dir='ltr'>tribus,</span> <span class='ocrx_word' id='word_1_63' title='bbox 1136 1325 1208 1396; x_wconf 79' lang='lat' dir='ltr'>qnae</span> 
     </span>
     <span class='ocr_line' id='line_1_10' title="bbox 151 1407 1208 1504; baseline 0.004 -24"><span class='ocrx_word' id='word_1_64' title='bbox 151 1442 170 1474; x_wconf 86' lang='lat'>»</span> <span class='ocrx_word' id='word_1_65' title='bbox 189 1427 225 1482; x_wconf 92' lang='lat' dir='ltr'>et</span> <span class='ocrx_word' id='word_1_66' title='bbox 234 1409 334 1484; x_wconf 73' lang='lat' dir='ltr'>eurise</span> <span class='ocrx_word' id='word_1_67' title='bbox 346 1427 423 1484; x_wconf 87' lang='lat' dir='ltr'>sunt</span> <span class='ocrx_word' id='word_1_68' title='bbox 434 1409 540 1495; x_wconf 80' lang='lat' dir='ltr'>dicta,</span> <span class='ocrx_word' id='word_1_69' title='bbox 554 1408 637 1484; x_wconf 89' lang='lat' dir='ltr'>terni</span> <span class='ocrx_word' id='word_1_70' title='bbox 650 1438 688 1482; x_wconf 83' lang='lat' dir='ltr'>ex</span> <span class='ocrx_word' id='word_1_71' title='bbox 702 1407 841 1504; x_wconf 84' lang='lat' dir='ltr'>singulis</span> <span class='ocrx_word' id='word_1_72' title='bbox 856 1409 1012 1483; x_wconf 82' lang='lat' dir='ltr'>tribubus</span> <span class='ocrx_word' id='word_1_73' title='bbox 1023 1428 1102 1485; x_wconf 90' lang='lat' dir='ltr'>sunt</span> <span class='ocrx_word' id='word_1_74' title='bbox 1114 1410 1208 1485; x_wconf 89' lang='lat' dir='ltr'>electi</span> 
     </span>
     <span class='ocr_line' id='line_1_11' title="bbox 152 1522 1210 1627; baseline 0.003 -30"><span class='ocrx_word' id='word_1_75' title='bbox 152 1558 171 1590; x_wconf 79' lang='lat' dir='ltr'>u</span> <span class='ocrx_word' id='word_1_76' title='bbox 189 1522 231 1597; x_wconf 93' lang='lat' dir='ltr'>ad</span> <span class='ocrx_word' id='word_1_77' title='bbox 244 1523 473 1623; x_wconf 85' lang='lat' dir='ltr'>judicandum,</span> <span class='ocrx_word' id='word_1_78' title='bbox 494 1526 552 1627; x_wconf 89' lang='lat' dir='ltr'>qui</span> <span class='ocrx_word' id='word_1_79' title='bbox 571 1525 765 1600; x_wconf 87' lang='lat' dir='ltr'>centumviri</span> <span class='ocrx_word' id='word_1_80' title='bbox 782 1523 935 1626; x_wconf 90' lang='lat' dir='ltr'>appellati</span> <span class='ocrx_word' id='word_1_81' title='bbox 953 1543 1041 1599; x_wconf 90' lang='lat' dir='ltr'>sunt.</span> <span class='ocrx_word' id='word_1_82' title='bbox 1068 1529 1116 1601; x_wconf 88' lang='lat' dir='ltr'>Et</span> <span class='ocrx_word' id='word_1_83' title='bbox 1132 1525 1210 1602; x_wconf 91' lang='lat' dir='ltr'>licet</span> 
     </span>
     <span class='ocr_line' id='line_1_12' title="bbox 151 1639 1210 1743; baseline 0.004 -31"><span class='ocrx_word' id='word_1_84' title='bbox 151 1674 169 1704; x_wconf 73' lang='lat' dir='ltr'>u</span> <span class='ocrx_word' id='word_1_85' title='bbox 189 1639 337 1741; x_wconf 85' lang='lat' dir='ltr'>quinque</span> <span class='ocrx_word' id='word_1_86' title='bbox 352 1640 492 1742; x_wconf 85' lang='lat' dir='ltr'>amplius</span> <span class='ocrx_word' id='word_1_87' title='bbox 510 1670 609 1743; x_wconf 90' lang='lat' dir='ltr'>quam</span> <span class='ocrx_word' id='word_1_88' title='bbox 627 1659 757 1714; x_wconf 91' lang='lat' dir='ltr'>centum</span> <span class='ocrx_word' id='word_1_89' title='bbox 769 1642 910 1730; x_wconf 87' lang='lat' dir='ltr'>luerint,</span> <span class='ocrx_word' id='word_1_90' title='bbox 925 1659 1033 1716; x_wconf 89' lang='lat' dir='ltr'>tamen</span> <span class='ocrx_word' id='word_1_91' title='bbox 1048 1672 1116 1743; x_wconf 92' lang='lat' dir='ltr'>quo</span> <span class='ocrx_word' id='word_1_92' title='bbox 1129 1643 1210 1717; x_wconf 83' lang='lat' dir='ltr'>saci-</span> 
     </span>
     <span class='ocr_line' id='line_1_13' title="bbox 148 1757 1211 1860; baseline 0.001 -29"><span class='ocrx_word' id='word_1_93' title='bbox 148 1792 167 1825; x_wconf 72' lang='grc' dir='ltr'>ι)</span> <span class='ocrx_word' id='word_1_94' title='bbox 184 1757 249 1833; x_wconf 89' lang='lat' dir='ltr'>lius</span> <span class='ocrx_word' id='word_1_95' title='bbox 264 1758 525 1847; x_wconf 77' lang='lat' dir='ltr'>nominarentur,</span> <span class='ocrx_word' id='word_1_96' title='bbox 541 1758 734 1833; x_wconf 86' lang='lat' dir='ltr'>centumviri</span> <span class='ocrx_word' id='word_1_97' title='bbox 749 1776 826 1833; x_wconf 89' lang='lat' dir='ltr'>sunt</span> <span class='ocrx_word' id='word_1_98' title='bbox 839 1758 929 1832; x_wconf 89' lang='lat' dir='ltr'>dicti.</span> <span class='ocrx_word' id='word_1_99' title='bbox 948 1794 965 1824; x_wconf 83' lang='grc'>»</span> <span class='ocrx_word' id='word_1_100' title='bbox 982 1760 1106 1834; x_wconf 87' lang='lat' dir='ltr'>Caetera</span> <span class='ocrx_word' id='word_1_101' title='bbox 1116 1815 1126 1846; x_wconf 93' lang='lat'>,</span> <span class='ocrx_word' id='word_1_102' title='bbox 1138 1789 1211 1860; x_wconf 83' lang='lat' dir='ltr'>quae</span> 
     </span>
     <span class='ocr_line' id='line_1_14' title="bbox 146 1873 1210 1977; baseline 0.002 -28"><span class='ocrx_word' id='word_1_103' title='bbox 146 1875 187 1949; x_wconf 87' lang='lat' dir='ltr'>ad</span> <span class='ocrx_word' id='word_1_104' title='bbox 204 1904 321 1951; x_wconf 91' lang='lat' dir='ltr'>eornm</span> <span class='ocrx_word' id='word_1_105' title='bbox 335 1875 458 1974; x_wconf 87' lang='lat' dir='ltr'>judicia</span> <span class='ocrx_word' id='word_1_106' title='bbox 475 1893 641 1977; x_wconf 86' lang='lat' dir='ltr'>spectant,</span> <span class='ocrx_word' id='word_1_107' title='bbox 659 1873 771 1976; x_wconf 91' lang='lat' dir='ltr'>plnres</span> <span class='ocrx_word' id='word_1_108' title='bbox 789 1875 853 1973; x_wconf 86' lang='lat' dir='ltr'>jam</span> <span class='ocrx_word' id='word_1_109' title='bbox 870 1875 958 1950; x_wconf 90' lang='lat' dir='ltr'>docti</span> <span class='ocrx_word' id='word_1_110' title='bbox 979 1877 1039 1950; x_wconf 90' lang='lat' dir='ltr'>viri</span> <span class='ocrx_word' id='word_1_111' title='bbox 1061 1887 1069 1916; x_wconf 90' lang='lat'><strong>¹</strong></span> <span class='ocrx_word' id='word_1_112' title='bbox 1091 1895 1210 1952; x_wconf 87' lang='lat' dir='ltr'>tracta·</span> 
     </span>
     <span class='ocr_line' id='line_1_15' title="bbox 148 1990 1211 2096; baseline 0.003 -28"><span class='ocrx_word' id='word_1_113' title='bbox 148 2011 241 2082; x_wconf 89' lang='lat' dir='ltr'>runt,</span> <span class='ocrx_word' id='word_1_114' title='bbox 256 2021 343 2094; x_wconf 89' lang='lat' dir='ltr'>qnos</span> <span class='ocrx_word' id='word_1_115' title='bbox 359 1990 533 2075; x_wconf 87' lang='lat' dir='ltr'>consulere</span> <span class='ocrx_word' id='word_1_116' title='bbox 553 2010 613 2067; x_wconf 91' lang='lat' dir='ltr'>est.</span> <span class='ocrx_word' id='word_1_117' title='bbox 634 1991 805 2066; x_wconf 84' lang='lat' dir='ltr'>Addemns</span> <span class='ocrx_word' id='word_1_118' title='bbox 828 2009 1027 2080; x_wconf 70' lang='lat' dir='ltr'>tantumne</span> <span class='ocrx_word' id='word_1_119' title='bbox 1047 1997 1211 2096; x_wconf 74' lang='lat' dir='ltr'>posterior</span> 
     </span>
     <span class='ocr_line' id='line_1_16' title="bbox 149 2104 1208 2209; baseline 0.001 -27"><span class='ocrx_word' id='word_1_120' title='bbox 149 2106 258 2182; x_wconf 82' lang='lat' dir='ltr'>Ovidii</span> <span class='ocrx_word' id='word_1_121' title='bbox 271 2105 366 2181; x_wconf 86' lang='lat' dir='ltr'>locus</span> <span class='ocrx_word' id='word_1_122' title='bbox 379 2104 580 2193; x_wconf 80' lang='lat' dir='ltr'>illustretur,</span> <span class='ocrx_word' id='word_1_123' title='bbox 594 2104 812 2179; x_wconf 76' lang='lat' dir='ltr'>centumu‘ros</span> <span class='ocrx_word' id='word_1_124' title='bbox 826 2134 894 2178; x_wconf 93' lang='lat' dir='ltr'>non</span> <span class='ocrx_word' id='word_1_125' title='bbox 903 2107 1004 2181; x_wconf 83' lang='lat' dir='ltr'>fuisse</span> <span class='ocrx_word' id='word_1_126' title='bbox 1015 2127 1208 2209; x_wconf 90' lang='lat' dir='ltr'>perpetuos,</span> 
     </span>
     <span class='ocr_line' id='line_1_17' title="bbox 149 2219 1209 2322; baseline 0.003 -27"><span class='ocrx_word' id='word_1_127' title='bbox 149 2250 204 2298; x_wconf 91' lang='lat' dir='ltr'>nee</span> <span class='ocrx_word' id='word_1_128' title='bbox 220 2250 353 2322; x_wconf 88' lang='lat' dir='ltr'>semper</span> <span class='ocrx_word' id='word_1_129' title='bbox 369 2220 501 2295; x_wconf 91' lang='lat' dir='ltr'>eosdem</span> <span class='ocrx_word' id='word_1_130' title='bbox 518 2220 694 2320; x_wconf 82' lang='lat' dir='ltr'>quotannis</span> <span class='ocrx_word' id='word_1_131' title='bbox 711 2219 746 2293; x_wconf 93' lang='lat' dir='ltr'>in</span> <span class='ocrx_word' id='word_1_132' title='bbox 763 2220 1052 2297; x_wconf 84' lang='lat' dir='ltr'>centumviralibus</span> <span class='ocrx_word' id='word_1_133' title='bbox 1069 2224 1209 2312; x_wconf 89' lang='lat' dir='ltr'>sedisse;</span> 
     </span>
     <span class='ocr_line' id='line_1_18' title="bbox 149 2335 1210 2438; baseline 0.002 -26"><span class='ocrx_word' id='word_1_134' title='bbox 149 2339 257 2413; x_wconf 75' lang='lat' dir='ltr'>seder</span> <span class='ocrx_word' id='word_1_135' title='bbox 275 2337 425 2438; x_wconf 88' lang='lat' dir='ltr'>judicum</span> <span class='ocrx_word' id='word_1_136' title='bbox 448 2335 588 2409; x_wconf 84' lang='lat' dir='ltr'>decuriis</span> <span class='ocrx_word' id='word_1_137' title='bbox 604 2363 621 2408; x_wconf 87' lang='lat' dir='ltr'>a</span> <span class='ocrx_word' id='word_1_138' title='bbox 638 2354 776 2438; x_wconf 77' lang='lat' dir='ltr'>praetore</span> <span class='ocrx_word' id='word_1_139' title='bbox 793 2335 896 2409; x_wconf 92' lang='lat' dir='ltr'>lectos</span> <span class='ocrx_word' id='word_1_140' title='bbox 917 2338 1065 2414; x_wconf 94' lang='lat' dir='ltr'>insnum</span> <span class='ocrx_word' id='word_1_141' title='bbox 1087 2369 1210 2414; x_wconf 91' lang='lat' dir='ltr'>annum</span> 
     </span>
     <span class='ocr_line' id='line_1_19' title="bbox 150 2447 1210 2539; baseline 0 -12"><span class='ocrx_word' id='word_1_142' title='bbox 150 2479 235 2539; x_wconf 84' lang='lat' dir='ltr'>esse,</span> <span class='ocrx_word' id='word_1_143' title='bbox 251 2471 365 2526; x_wconf 86' lang='lat' dir='ltr'>utuna</span> <span class='ocrx_word' id='word_1_144' title='bbox 376 2478 452 2524; x_wconf 91' lang='lat' dir='ltr'>cum</span> <span class='ocrx_word' id='word_1_145' title='bbox 464 2478 504 2523; x_wconf 93' lang='lat' dir='ltr'>eo</span> <span class='ocrx_word' id='word_1_146' title='bbox 519 2476 634 2524; x_wconf 88' lang='lat' dir='ltr'>causas</span> <span class='ocrx_word' id='word_1_147' title='bbox 646 2447 895 2524; x_wconf 89' lang='lat' dir='ltr'>centumvirales</span> <span class='ocrx_word' id='word_1_148' title='bbox 906 2450 1101 2526; x_wconf 87' lang='lat' dir='ltr'>deciderent.</span> <span class='ocrx_word' id='word_1_149' title='bbox 1114 2454 1210 2527; x_wconf 93' lang='lat' dir='ltr'>Unde</span> 
     </span>
     <span class='ocr_line' id='line_1_20' title="bbox 151 2566 1137 2669; baseline 0 -29"><span class='ocrx_word' id='word_1_150' title='bbox 151 2567 363 2664; x_wconf 78' lang='lat' dir='ltr'>intelligitur,</span> <span class='ocrx_word' id='word_1_151' title='bbox 382 2597 482 2669; x_wconf 92' lang='lat' dir='ltr'>quare</span> <span class='ocrx_word' id='word_1_152' title='bbox 500 2570 588 2642; x_wconf 87' lang='lat' dir='ltr'>Naso</span> <span class='ocrx_word' id='word_1_153' title='bbox 605 2566 741 2654; x_wconf 83' lang='lat' dir='ltr'>dixerit,</span> <span class='ocrx_word' id='word_1_154' title='bbox 759 2567 898 2640; x_wconf 84' lang='lat' dir='ltr'>sedissem</span> <span class='ocrx_word' id='word_1_155' title='bbox 903 2569 1058 2663; x_wconf 79' lang='lat' dir='ltr'>forsitan,</span> <span class='ocrx_word' id='word_1_156' title='bbox 1077 2585 1137 2642; x_wconf 89' lang='lat' dir='ltr'>etc.</span> 
     </span>
    </p>

    <p class='ocr_par' dir='ltr' id='par_1_5' title="bbox 152 2680 1209 2898">
     <span class='ocr_line' id='line_1_21' title="bbox 200 2680 1209 2784; baseline -0.001 -27"><span class='ocrx_word' id='word_1_157' title='bbox 200 2686 261 2757; x_wconf 89' lang='lat' dir='ltr'>Ill.</span> <span class='ocrx_word' id='word_1_158' title='bbox 282 2684 461 2782; x_wconf 71' lang='lat' dir='ltr'>Subiungit</span> <span class='ocrx_word' id='word_1_159' title='bbox 475 2711 576 2784; x_wconf 88' lang='lat' dir='ltr'>porro</span> <span class='ocrx_word' id='word_1_160' title='bbox 593 2685 715 2757; x_wconf 84' lang='lat' dir='ltr'>Noster</span> <span class='ocrx_word' id='word_1_161' title='bbox 731 2683 844 2757; x_wconf 91' lang='lat' dir='ltr'>eodem</span> <span class='ocrx_word' id='word_1_162' title='bbox 860 2680 953 2770; x_wconf 90' lang='lat' dir='ltr'>loco,</span> <span class='ocrx_word' id='word_1_163' title='bbox 970 2684 1072 2756; x_wconf 84' lang='lat' dir='ltr'>Trist.</span> <span class='ocrx_word' id='word_1_164' title='bbox 1087 2680 1145 2755; x_wconf 94' lang='lat' dir='ltr'>lib.</span> <span class='ocrx_word' id='word_1_165' title='bbox 1155 2685 1187 2756; x_wconf 99' lang='lat' dir='ltr'>ll</span> <span class='ocrx_word' id='word_1_166' title='bbox 1200 2741 1209 2769; x_wconf 95' lang='lat'>,</span> 
     </span>
     <span class='ocr_line' id='line_1_22' title="bbox 152 2797 322 2898; baseline 0 -27"><span class='ocrx_word' id='word_1_167' title='bbox 152 2826 233 2874; x_wconf 81' lang='lat' dir='ltr'>vers.</span> <span class='ocrx_word' id='word_1_168' title='bbox 250 2797 322 2898; x_wconf 81' lang='lat'>95:</span> 
     </span>
    </p>
   </div>
   <div class='ocr_carea' id='block_1_4' title="bbox 315 2946 1018 3109">
    <p class='ocr_par' dir='ltr' id='par_1_6' title="bbox 315 2946 1018 3109">
     <span class='ocr_line' id='line_1_23' title="bbox 315 2946 1018 3018; baseline 0 -17"><span class='ocrx_word' id='word_1_169' title='bbox 315 2949 369 3002; x_wconf 82' lang='lat' dir='ltr'>Res</span> <span class='ocrx_word' id='word_1_170' title='bbox 380 2965 481 3018; x_wconf 83' lang='lat' dir='ltr'>quoque</span> <span class='ocrx_word' id='word_1_171' title='bbox 490 2955 606 3017; x_wconf 74' lang='lat' dir='ltr'>pn&#39;ralas</span> <span class='ocrx_word' id='word_1_172' title='bbox 617 2946 696 2999; x_wconf 84' lang='lat' dir='ltr'>statui</span> <span class='ocrx_word' id='word_1_173' title='bbox 706 2946 761 3001; x_wconf 80' lang='lat' dir='ltr'>sine</span> <span class='ocrx_word' id='word_1_174' title='bbox 772 2947 881 3002; x_wconf 75' lang='lat' dir='ltr'>trinum</span> <span class='ocrx_word' id='word_1_175' title='bbox 891 2964 981 3003; x_wconf 80' lang='lat' dir='ltr'>Jnnnx</span> <span class='ocrx_word' id='word_1_176' title='bbox 990 2951 1018 3016; x_wconf 83' lang='lat'>²,</span> 
     </span>
     <span class='ocr_line' id='line_1_24' title="bbox 342 3037 969 3109; baseline -0.005 -16"><span class='ocrx_word' id='word_1_177' title='bbox 342 3039 436 3109; x_wconf 86' lang='lat' dir='ltr'>Deque</span> <span class='ocrx_word' id='word_1_178' title='bbox 447 3058 505 3095; x_wconf 79' lang='lat' dir='ltr'>mea</span> <span class='ocrx_word' id='word_1_179' title='bbox 514 3040 581 3093; x_wconf 80' lang='lat' dir='ltr'>fassa</span> <span class='ocrx_word' id='word_1_180' title='bbox 594 3047 634 3091; x_wconf 85' lang='lat' dir='ltr'>est</span> <span class='ocrx_word' id='word_1_181' title='bbox 646 3055 705 3106; x_wconf 86' lang='lat' dir='ltr'>pars</span> <span class='ocrx_word' id='word_1_182' title='bbox 716 3055 817 3108; x_wconf 87' lang='lat' dir='ltr'>quoque</span> <span class='ocrx_word' id='word_1_183' title='bbox 828 3039 894 3094; x_wconf 77' lang='lat' dir='ltr'>victa</span> <span class='ocrx_word' id='word_1_184' title='bbox 908 3037 969 3091; x_wconf 85' lang='lat' dir='ltr'>fide.</span> 
     </span>
    </p>
   </div>
   <div class='ocr_carea' id='block_1_5' title="bbox 154 3177 1206 3397">
    <p class='ocr_par' dir='ltr' id='par_1_7' title="bbox 154 3177 1206 3397">
     <span class='ocr_line' id='line_1_25' title="bbox 155 3177 1205 3281; baseline -0.002 -23"><span class='ocrx_word' id='word_1_185' title='bbox 155 3183 335 3258; x_wconf 77' lang='lat' dir='ltr'>tbsmdam</span> <span class='ocrx_word' id='word_1_186' title='bbox 355 3182 456 3281; x_wconf 88' lang='lat' dir='ltr'>hujus</span> <span class='ocrx_word' id='word_1_187' title='bbox 479 3180 543 3254; x_wconf 93' lang='lat' dir='ltr'>loci</span> <span class='ocrx_word' id='word_1_188' title='bbox 564 3177 864 3280; x_wconf 87' lang='lat' dir='ltr'>iuter-pretationem</span> <span class='ocrx_word' id='word_1_189' title='bbox 888 3208 907 3252; x_wconf 86' lang='lat' dir='ltr'>a</span> <span class='ocrx_word' id='word_1_190' title='bbox 933 3179 1103 3254; x_wconf 90' lang='lat' dir='ltr'>nonnullis</span> <span class='ocrx_word' id='word_1_191' title='bbox 1127 3211 1205 3256; x_wconf 92' lang='lat' dir='ltr'>con·</span> 
     </span>
     <span class='ocr_line' id='line_1_26' title="bbox 154 3295 1206 3397; baseline 0 -27"><span class='ocrx_word' id='word_1_192' title='bbox 154 3296 252 3374; x_wconf 86' lang='lat' dir='ltr'>fictam</span> <span class='ocrx_word' id='word_1_193' title='bbox 269 3299 349 3374; x_wconf 88' lang='lat' dir='ltr'>satis</span> <span class='ocrx_word' id='word_1_194' title='bbox 365 3299 591 3384; x_wconf 89' lang='lat' dir='ltr'>revincemus,</span> <span class='ocrx_word' id='word_1_195' title='bbox 604 3295 704 3370; x_wconf 92' lang='lat' dir='ltr'>modo</span> <span class='ocrx_word' id='word_1_196' title='bbox 717 3295 889 3369; x_wconf 87' lang='lat' dir='ltr'>rectiorem</span> <span class='ocrx_word' id='word_1_197' title='bbox 905 3296 1118 3397; x_wconf 85' lang='lat' dir='ltr'>proferamus.</span> <span class='ocrx_word' id='word_1_198' title='bbox 1136 3299 1206 3372; x_wconf 90' lang='lat' dir='ltr'>Sci-</span> 
     </span>
    </p>
   </div>
   <div class='ocr_carea' id='block_1_6' title="bbox 152 3491 1206 3810">
    <p class='ocr_par' dir='ltr' id='par_1_8' title="bbox 152 3491 1206 3810">
     <span class='ocr_line' id='line_1_27' title="bbox 181 3491 1206 3566; baseline -0.005 -15"><span class='ocrx_word' id='word_1_199' title='bbox 181 3499 189 3529; x_wconf 90' lang='lat'><strong>¹</strong></span> <span class='ocrx_word' id='word_1_200' title='bbox 205 3495 267 3551; x_wconf 78' lang='lat' dir='ltr'>Gut.</span> <span class='ocrx_word' id='word_1_201' title='bbox 282 3495 412 3562; x_wconf 78' lang='lat' dir='ltr'>Budoeus,</span> <span class='ocrx_word' id='word_1_202' title='bbox 432 3495 495 3551; x_wconf 85' lang='lat' dir='ltr'>Not.</span> <span class='ocrx_word' id='word_1_203' title='bbox 510 3493 590 3564; x_wconf 90' lang='lat' dir='ltr'>prior.</span> <span class='ocrx_word' id='word_1_204' title='bbox 604 3491 635 3545; x_wconf 79' lang='lat' dir='ltr'>ad</span> <span class='ocrx_word' id='word_1_205' title='bbox 647 3492 731 3547; x_wconf 86' lang='lat' dir='ltr'>Pand.</span> <span class='ocrx_word' id='word_1_206' title='bbox 749 3511 805 3563; x_wconf 76' lang='lat' dir='ltr'>psg.</span> <span class='ocrx_word' id='word_1_207' title='bbox 821 3495 885 3560; x_wconf 75' lang='lat'>242,</span> <span class='ocrx_word' id='word_1_208' title='bbox 906 3495 969 3562; x_wconf 65' lang='lat'>2453</span> <span class='ocrx_word' id='word_1_209' title='bbox 985 3494 1049 3548; x_wconf 83' lang='lat' dir='ltr'>Ant.</span> <span class='ocrx_word' id='word_1_210' title='bbox 1067 3496 1206 3566; x_wconf 73' lang='lat' dir='ltr'>Augustis.</span> 
     </span>
     <span class='ocr_line' id='line_1_28' title="bbox 152 3574 1204 3650; baseline 0.002 -21"><span class='ocrx_word' id='word_1_211' title='bbox 152 3578 184 3630; x_wconf 81' lang='lat' dir='ltr'>de.</span> <span class='ocrx_word' id='word_1_212' title='bbox 196 3578 282 3649; x_wconf 61' lang='lat' dir='ltr'>legib.</span> <span class='ocrx_word' id='word_1_213' title='bbox 292 3579 341 3650; x_wconf 76' lang='lat' dir='ltr'>leg.</span> <span class='ocrx_word' id='word_1_214' title='bbox 355 3576 478 3643; x_wconf 77' lang='lat' dir='ltr'>AEbutia;</span> <span class='ocrx_word' id='word_1_215' title='bbox 492 3576 555 3631; x_wconf 84' lang='lat' dir='ltr'>Car.</span> <span class='ocrx_word' id='word_1_216' title='bbox 566 3575 703 3645; x_wconf 72' lang='lat' dir='ltr'>Sigonius,</span> <span class='ocrx_word' id='word_1_217' title='bbox 721 3575 753 3629; x_wconf 87' lang='lat' dir='ltr'>de</span> <span class='ocrx_word' id='word_1_218' title='bbox 769 3574 893 3642; x_wconf 77' lang='lat' dir='ltr'>Judiciis,</span> <span class='ocrx_word' id='word_1_219' title='bbox 909 3575 952 3629; x_wconf 85' lang='lat' dir='ltr'>lib.</span> <span class='ocrx_word' id='word_1_220' title='bbox 970 3575 999 3642; x_wconf 88' lang='lat' dir='ltr'>l,</span> <span class='ocrx_word' id='word_1_221' title='bbox 1010 3596 1064 3646; x_wconf 81' lang='lat' dir='ltr'>cap.</span> <span class='ocrx_word' id='word_1_222' title='bbox 1077 3600 1124 3639; x_wconf 69' lang='grc' dir='ltr'>υς</span> <span class='ocrx_word' id='word_1_223' title='bbox 1142 3578 1204 3632; x_wconf 88' lang='lat' dir='ltr'>Sic-</span> 
     </span>
     <span class='ocr_line' id='line_1_29' title="bbox 152 3656 1202 3727; baseline -0.001 -16"><span class='ocrx_word' id='word_1_224' title='bbox 152 3677 244 3724; x_wconf 78' lang='lat' dir='ltr'>cama,</span> <span class='ocrx_word' id='word_1_225' title='bbox 258 3659 289 3712; x_wconf 86' lang='lat' dir='ltr'>de</span> <span class='ocrx_word' id='word_1_226' title='bbox 302 3659 466 3714; x_wconf 75' lang='lat' dir='ltr'>centumvir.</span> <span class='ocrx_word' id='word_1_227' title='bbox 482 3657 603 3724; x_wconf 85' lang='lat' dir='ltr'>Judicio,</span> <span class='ocrx_word' id='word_1_228' title='bbox 620 3657 663 3711; x_wconf 86' lang='lat' dir='ltr'>lib.</span> <span class='ocrx_word' id='word_1_229' title='bbox 676 3656 705 3724; x_wconf 84' lang='lat' dir='ltr'>l,</span> <span class='ocrx_word' id='word_1_230' title='bbox 720 3675 776 3727; x_wconf 78' lang='lat' dir='ltr'>cap.</span> <span class='ocrx_word' id='word_1_231' title='bbox 790 3656 818 3723; x_wconf 84' lang='grc'>6,</span> <span class='ocrx_word' id='word_1_232' title='bbox 840 3657 886 3721; x_wconf 84' lang='lat'>13;</span> <span class='ocrx_word' id='word_1_233' title='bbox 906 3657 998 3711; x_wconf 72' lang='lat' dir='ltr'>Franc.</span> <span class='ocrx_word' id='word_1_234' title='bbox 1011 3658 1156 3713; x_wconf 84' lang='lat' dir='ltr'>Hotoman.</span> <span class='ocrx_word' id='word_1_235' title='bbox 1169 3659 1202 3710; x_wconf 85' lang='lat' dir='ltr'>de</span> 
     </span>
     <span class='ocr_line' id='line_1_30' title="bbox 152 3740 581 3810; baseline -0.002 -15"><span class='ocrx_word' id='word_1_236' title='bbox 152 3741 321 3810; x_wconf 76' lang='lat' dir='ltr'>magistratib.</span> <span class='ocrx_word' id='word_1_237' title='bbox 334 3743 413 3795; x_wconf 82' lang='lat' dir='ltr'>Rom.</span> <span class='ocrx_word' id='word_1_238' title='bbox 427 3740 469 3797; x_wconf 85' lang='lat' dir='ltr'>lib.</span> <span class='ocrx_word' id='word_1_239' title='bbox 485 3743 515 3808; x_wconf 86' lang='lat' dir='ltr'>l,</span> <span class='ocrx_word' id='word_1_240' title='bbox 534 3750 581 3794; x_wconf 88' lang='lat' dir='ltr'>etc.</span> 
     </span>
    </p>
   </div>
   <div class='ocr_carea' id='block_1_7' title="bbox 152 3830 1202 3982">
    <p class='ocr_par' dir='ltr' id='par_1_9' title="bbox 152 3830 1202 3982">
     <span class='ocr_line' id='line_1_31' title="bbox 181 3830 1202 3902; baseline -0.001 -18"><span class='ocrx_word' id='word_1_241' title='bbox 181 3831 279 3884; x_wconf 73' lang='lat' dir='ltr'>²Hce</span> <span class='ocrx_word' id='word_1_242' title='bbox 296 3830 351 3884; x_wconf 82' lang='lat' dir='ltr'>Pet.</span> <span class='ocrx_word' id='word_1_243' title='bbox 368 3833 448 3902; x_wconf 74' lang='lat' dir='ltr'>Basle</span> <span class='ocrx_word' id='word_1_244' title='bbox 462 3834 499 3887; x_wconf 78' lang='lat' dir='ltr'>sic</span> <span class='ocrx_word' id='word_1_245' title='bbox 521 3831 655 3900; x_wconf 74' lang='lat' dir='ltr'>intelligit,</span> <span class='ocrx_word' id='word_1_246' title='bbox 676 3841 706 3883; x_wconf 93' lang='lat' dir='ltr'>ut</span> <span class='ocrx_word' id='word_1_247' title='bbox 725 3841 844 3896; x_wconf 77' lang='lat' dir='ltr'>censeat,</span> <span class='ocrx_word' id='word_1_248' title='bbox 859 3830 986 3885; x_wconf 80' lang='lat' dir='ltr'>Ovidium</span> <span class='ocrx_word' id='word_1_249' title='bbox 1004 3831 1157 3902; x_wconf 83' lang='lat' dir='ltr'>quibusdam</span> <span class='ocrx_word' id='word_1_250' title='bbox 1175 3831 1202 3883; x_wconf 92' lang='lat' dir='ltr'>in</span> 
     </span>
     <span class='ocr_line' id='line_1_32' title="bbox 152 3912 1202 3982; baseline -0.002 -14"><span class='ocrx_word' id='word_1_251' title='bbox 152 3913 212 3969; x_wconf 89' lang='lat' dir='ltr'>litib.</span> <span class='ocrx_word' id='word_1_252' title='bbox 227 3915 349 3966; x_wconf 69' lang='lat' dir='ltr'>arbitrus</span> <span class='ocrx_word' id='word_1_253' title='bbox 364 3931 418 3965; x_wconf 79' lang='lat' dir='ltr'>esse</span> <span class='ocrx_word' id='word_1_254' title='bbox 435 3912 530 3967; x_wconf 74' lang='lat' dir='ltr'>lurtum</span> <span class='ocrx_word' id='word_1_255' title='bbox 540 3953 548 3980; x_wconf 84' lang='lat'>,</span> <span class='ocrx_word' id='word_1_256' title='bbox 560 3924 607 3967; x_wconf 87' lang='lat' dir='ltr'>etc.</span> <span class='ocrx_word' id='word_1_257' title='bbox 627 3916 728 3967; x_wconf 87' lang='lat' dir='ltr'>Verum</span> <span class='ocrx_word' id='word_1_258' title='bbox 737 3916 822 3982; x_wconf 70' lang='lat' dir='ltr'>juda</span> <span class='ocrx_word' id='word_1_259' title='bbox 837 3914 868 3967; x_wconf 88' lang='lat' dir='ltr'>ab</span> <span class='ocrx_word' id='word_1_260' title='bbox 879 3920 973 3970; x_wconf 76' lang='lat' dir='ltr'>arbitro</span> <span class='ocrx_word' id='word_1_261' title='bbox 988 3916 1086 3970; x_wconf 76' lang='lat' dir='ltr'>dissert.</span> <span class='ocrx_word' id='word_1_262' title='bbox 1101 3912 1147 3964; x_wconf 83' lang='lat' dir='ltr'>llle</span> <span class='ocrx_word' id='word_1_263' title='bbox 1163 3925 1202 3966; x_wconf 86' lang='lat' dir='ltr'>est</span> 
     </span>
    </p>
   </div>
   <div class='ocr_carea' id='block_1_8' title="bbox 152 3994 1201 4147">
    <p class='ocr_par' dir='ltr' id='par_1_10' title="bbox 152 3994 1201 4147">
     <span class='ocr_line' id='line_1_33' title="bbox 152 3994 1201 4072; baseline -0.004 -20"><span class='ocrx_word' id='word_1_264' title='bbox 152 4001 217 4072; x_wconf 78' lang='lat' dir='ltr'>quia</span> <span class='ocrx_word' id='word_1_265' title='bbox 230 3994 387 4067; x_wconf 67' lang='lat' dir='ltr'>pectoribus</span> <span class='ocrx_word' id='word_1_266' title='bbox 398 3995 486 4051; x_wconf 80' lang='lat' dir='ltr'>datur:</span> <span class='ocrx_word' id='word_1_267' title='bbox 495 3997 637 4066; x_wconf 73' lang='lat' dir='ltr'>arbrlerqui</span> <span class='ocrx_word' id='word_1_268' title='bbox 650 4016 663 4050; x_wconf 93' lang='lat' dir='ltr'>a</span> <span class='ocrx_word' id='word_1_269' title='bbox 675 3997 832 4066; x_wconf 80' lang='lat' dir='ltr'>litigantibus</span> <span class='ocrx_word' id='word_1_270' title='bbox 842 3999 947 4068; x_wconf 76' lang='lat' dir='ltr'>eligitur</span> <span class='ocrx_word' id='word_1_271' title='bbox 963 4018 970 4050; x_wconf 76' lang='lat' dir='ltr'><em>z</em></span> <span class='ocrx_word' id='word_1_272' title='bbox 989 3997 1042 4051; x_wconf 84' lang='lat' dir='ltr'>vid.</span> <span class='ocrx_word' id='word_1_273' title='bbox 1059 3995 1150 4047; x_wconf 80' lang='lat' dir='ltr'>Seuer.</span> <span class='ocrx_word' id='word_1_274' title='bbox 1168 3996 1201 4048; x_wconf 88' lang='lat' dir='ltr'>de</span> 
     </span>
     <span class='ocr_line' id='line_1_34' title="bbox 153 4074 1185 4147; baseline -0.003 -12"><span class='ocrx_word' id='word_1_275' title='bbox 153 4079 240 4135; x_wconf 77' lang='lat' dir='ltr'>Renes.</span> <span class='ocrx_word' id='word_1_276' title='bbox 255 4079 299 4132; x_wconf 89' lang='lat' dir='ltr'>lib.</span> <span class='ocrx_word' id='word_1_277' title='bbox 315 4077 374 4142; x_wconf 89' lang='lat' dir='ltr'>lll,</span> <span class='ocrx_word' id='word_1_278' title='bbox 386 4094 442 4144; x_wconf 83' lang='lat' dir='ltr'>eap-</span> <span class='ocrx_word' id='word_1_279' title='bbox 458 4078 565 4143; x_wconf 56' lang='lat' dir='ltr'>„Ptin</span> <span class='ocrx_word' id='word_1_280' title='bbox 577 4078 623 4146; x_wconf 79' lang='lat' dir='ltr'>Ep.</span> <span class='ocrx_word' id='word_1_281' title='bbox 637 4079 685 4144; x_wconf 72' lang='lat'>303</span> <span class='ocrx_word' id='word_1_282' title='bbox 702 4079 745 4132; x_wconf 87' lang='lat' dir='ltr'>lib.</span> <span class='ocrx_word' id='word_1_283' title='bbox 755 4080 809 4133; x_wconf 89' lang='lat' dir='ltr'>Vll</span> <span class='ocrx_word' id='word_1_284' title='bbox 819 4118 827 4147; x_wconf 82' lang='lat'>‚</span> <span class='ocrx_word' id='word_1_285' title='bbox 838 4077 923 4134; x_wconf 84' lang='lat' dir='ltr'>Cicer.</span> <span class='ocrx_word' id='word_1_286' title='bbox 937 4079 1011 4132; x_wconf 81' lang='lat' dir='ltr'>Orat</span> <span class='ocrx_word' id='word_1_287' title='bbox 1024 4094 1072 4145; x_wconf 85' lang='lat' dir='ltr'>pro</span> <span class='ocrx_word' id='word_1_288' title='bbox 1084 4074 1185 4132; x_wconf 75' lang='lat' dir='ltr'>Roscio.</span> 
     </span>
    </p>
   </div>
   <div class='ocr_carea' id='block_1_9' title="bbox 263 4179 997 4246">
    <p class='ocr_par' dir='ltr' id='par_1_11' title="bbox 263 4179 997 4246">
     <span class='ocr_line' id='line_1_35' title="bbox 263 4179 997 4246; baseline -0.01 0"><span class='ocrx_word' id='word_1_289' title='bbox 263 4179 377 4246; x_wconf 83' lang='lat' dir='ltr'><em>VIII.</em></span> <span class='ocrx_word' id='word_1_290' title='bbox 960 4197 997 4239; x_wconf 85' lang='lat' dir='ltr'>ro</span> 
     </span>
    </p>
   </div>
   <div class='ocr_carea' id='block_1_10' title="bbox 0 0 1395 4694">
    <p class='ocr_par' dir='ltr' id='par_1_12' title="bbox 0 0 1395 4694">
     <span class='ocr_line' id='line_1_36' title="bbox 0 0 1395 4694; baseline 0 0"><span class='ocrx_word' id='word_1_291' title='bbox 0 0 1395 4694; x_wconf 95' lang='lat' dir='ltr'> </span> 
     </span>
    </p>
   </div>
  </div>
 </body>
</html>
