2752 5136
392 42 414 73 ΙΙ,

153 702 221 787 sos
408 697 641 766 uorum
664 694 964 762 crustante

155 842 295 912 Veneriis,
312 860 345 900 ex
357 838 470 900 officina
480 840 528 901 Jo.
555 839 677 899 Tneuiui
689 837 724 897 de
741 834 858 898 mm
868 834 1025 913 protitsse.
1040 869 1084 883 ·-
1097 836 1224 911 hm«,

152 955 223 1006 tom.
237 943 335 1013 VIII,
350 964 413 1024 pag.
427 938 497 1002 386.
653 968 661 991 τ

192 1047 272 1109 Libri
290 1048 324 1108 de
339 1048 460 1116 Ponto,
480 1065 545 1105 cum
561 1039 793 1103 luculentissimis
815 1041 1029 1103 commentariis
1048 1043 1226 1105 BarthMc-

151 1148 222 1210 rulae
234 1146 346 1208 noviter
362 1146 393 1205 in
408 1146 502 1206 lucem
523 1143 632 1203 emissis
644 1147 656 1201 ε’
669 1160 724 1202 uec
738 1162 800 1202 non
811 1139 1027 1226 castigatissima
1041 1140 1154 1217 tabula,
1166 1166 1226 1226 qua

152 1247 246 1311 omnia
260 1246 396 1307 vocabula
408 1289 416 1319 ,
430 1264 530 1306 ornnes
545 1241 696 1316 historias,
715 1253 745 1302 et
755 1263 879 1324 queque
893 1243 968 1304 scitu
983 1241 1165 1327 dignissima,
1184 1265 1227 1305 se-

154 1346 279 1407 cundnm
303 1342 443 1421 alphabeti
470 1341 600 1402 ordinem
625 1339 844 1424 diligentissime
866 1339 1078 1418 complectitur.
1101 1344 1136 1401 ln
1151 1342 1225 1403 fine:

156 1471 170 1496 α
184 1442 386 1504 Enarrotioues
402 1440 432 1498 in
449 1438 587 1500 Ovidium
607 1438 642 1498 de
654 1438 751 1499 Ponto
766 1459 774 1495 t
792 1438 935 1515 impressit
953 1436 1082 1497 Venetiis
1097 1438 1139 1497 vir
1158 1439 1227 1498 dili-

155 1541 336 1625 gentissimus
364 1542 492 1599 loannes
522 1536 556 1596 dc
582 1535 726 1608 Tridino,
751 1536 816 1596 alias
842 1536 994 1596 Tacuinns.
1020 1538 1115 1612 Anno
1137 1537 1227 1598 salotis

155 1644 201 1703 Μ.
219 1642 258 1700 D.
275 1640 336 1700 VII
351 1682 360 1711 ‚
384 1637 428 1695 die
444 1659 525 1696 nono
541 1634 645 1696 mensis
660 1634 817 1708 Octobris,
835 1647 972 1720 regmine
986 1635 1144 1697 Iaeonardo
1157 1640 1227 1697 Isau-

158 1740 287 1809 rodano,
311 1735 439 1813 principe
451 1734 560 1818 inclyto
575 1755 607 1793 ac
624 1733 797 1795 felicissiruo.
817 1761 833 1789 s
850 1732 947 1794 insol.
957 1734 1114 1794 -I’anaer
1124 1779 1133 1809 ,
1144 1735 1209 1797 ibid.

198 1844 279 1906 Ia'bri
296 1844 331 1905 de
345 1844 462 1915 Ponto,
476 1864 539 1901 cum
554 1840 784 1902 luculentissimis
796 1839 1005 1901 commentariis
1019 1839 1153 1902 Barthol.
1168 1845 1230 1904 Me-

157 1942 238 2004 rutae.
257 1943 295 2002 In
311 1939 389 1999 fine:
408 1965 422 1992 α
442 1938 589 2017 Impressit
607 1937 766 1999 Mediolani
784 1937 827 1997 vir
849 1937 1084 2022 diligentissimus
1102 1941 1229 2022 magister

158 2028 326 2100 Leonardus
347 2035 472 2111 Pachel,
489 2057 566 2096 auno
586 2034 708 2099 Domini
729 2035 881 2107 MDVII,
908 2033 996 2109 died
1015 2033 1185 2097 Decembris·
1206 2063 1223 2093 a

159 2137 260 2199 in-fol.
270 2170 312 2183 -
326 2137 451 2212 Passer,
466 2147 540 2199 tom·
550 2135 620 2210 xl,
639 2159 705 2221 pag.
728 2130 798 2209 dha.

653 2265 739 2328 1508.

199 2397 285 2457 Liber
300 2399 459 2460 Heroidum
475 2396 687 2475 Epistularum,
709 2396 781 2457 liber
797 2398 945 2476 Sapphus,
962 2394 1072 2456 libellus
1083 2397 1115 2456 in
1131 2395 1225 2473 thiu,

160 2517 224 2555 cum
239 2494 416 2571 expositione
437 2496 507 2553 Ant.
520 2494 640 2567 Volsci,
653 2491 787 2553 chrtini
807 2495 930 2567 Clerici,
947 2491 1062 2554 Domitii
1076 2493 1228 2555 Calderiui

161 2609 190 2656 et
204 2595 311 2656 Jodoci
328 2595 409 2654 Badii
431 2594 615 2676 singularium
633 2595 829 2670 interpretum.
848 2596 981 2672 Lugduni
990 2639 1001 2667 ,
1012 2615 1059 2676 per
1075 2593 1227 2655 Clatsdium

89 2699 91 2703 ’
120 2711 121 2716 ’
161 2692 294 2768 Duoost,
311 2695 429 2753 aliosde
446 2694 557 2771 Troyes.
570 2683 726 2752 MDVIII.
741 2690 995 2766 in-d⁰.-Panacr,
1007 2693 1229 2778 tth,p.290.

201 2797 351 2855 Fastorum
366 2791 448 2864 libri,
466 2813 531 2851 cum
540 2802 694 2850 comment
708 2789 781 2848 Ant.
792 2789 955 2850 Constantii
967 2792 1102 2852 Fanensis
1113 2792 1231 2854 etPauli

162 2895 267 2966 Marsi,
285 2914 403 2953 censore
421 2891 549 2951 Barthol-
567 2889 685 2950 Merula.
710 2891 744 2947 ln
760 2889 815 2947 fine
834 2910 840 2945 :
863 2917 878 2940 a
894 2893 1069 2966 Impressum
1085 2893 1228 2966 Venetiis,

160 3017 211 3072 per
228 2997 369 3055 loannem
392 2989 551 3051 Tacuiuum
566 2989 600 3048 de
616 2987 749 3049 Tridino.
773 2988 940 3062 MDVIII,
973 2989 1021 3050 die
1037 3006 1088 3052 1111
1107 2991 1195 3053 Junii.
1209 3018 1224 3047 s

161 3092 301 3153 in-Iol.-
312 3092 434 3161 Panzer,
452 3102 523 3149 tom.
536 3088 635 3159 VIII,
655 3109 717 3172 pag.
736 3084 804 3170 391.

200 3195 265 3251 Joc.
294 3189 455 3249 Constantii
475 3185 609 3247 Fanensis
627 3186 869 3248 collectaneorum
886 3189 1061 3273 hecatostys'
1073 3189 1164 3265 prima
1177 3188 1227 3248 :iu

161 3287 225 3347 Ibin
243 3287 340 3349 Ovidii
358 3285 521 3346 sarritioues
537 3284 777 3345 annotationum:
794 3283 824 3342 in
841 3285 966 3366 ejusdem
985 3287 1228 3364 Metamorphoses

159 3401 316 3465 assumento
331 3385 561 3446 annotationum.
577 3383 723 3464 Impresso
741 3385 818 3443 Fani
826 3385 863 3442 ob
874 3385 993 3445 Hieron.
1003 3387 1130 3445 Sensim.
1139 3381 1225 3456 iste.

160 3486 282 3545 -Bibt
298 3483 443 3545 Emtinck.
465 3483 498 3542 P.
517 3484 575 3556 IV,
591 3504 655 3565 pag.
676 3480 748 3561 152,
765 3506 794 3542 u.
811 3481 882 3566 903.

653 3613 739 3696 1509.

199 3747 245 3806 De
261 3744 333 3805 Arte
348 3745 472 3805 Amaudi
488 3757 517 3804 et
533 3745 567 3805 de
577 3745 717 3806 Remedio
730 3746 863 3819 Amoris,
881 3768 946 3807 cum
961 3755 1114 3806 comment.
1126 3745 1223 3805 Barth

159 3847 287 3909 Merulae.
304 3849 339 3907 ln
355 3846 412 3906 fine
429 3870 436 3905 ε
457 3873 471 3901 n
490 3847 701 3926 Venetiis,·per
711 3851 853 3908 Ioannem
864 3848 1022 3910 Tacuinrmr
1035 3846 1071 3906 de
1082 3847 1222 3919 Tridino,

158 3945 288 4018 MDIX,
300 3943 345 4002 die
357 3958 414 4003 tttx
427 3943 587 4022 septembr.
600 3971 616 3998 s
631 3943 729 4005 in-l'ol.
742 3946 915 4015 -Panaer,
933 3957 1004 4006 tom.
1014 3943 1105 4017 VIII,
1114 3966 1143 4022 p.
1158 3941 1223 4027 397.

200 4041 439 4120 Metamorphosis
456 4064 521 4102 cum
537 4042 768 4104 luculentissimis
782 4044 876 4121 Ilaph.
891 4043 976 4126 Ilegii
993 4042 1222 4105 enarrationibus

159 4145 195 4201 In
210 4142 265 4202 fine
282 4166 291 4203 t
310 4169 326 4196 a
340 4142 426 4221 Apud
438 4141 597 4224 Georgium
615 4144 650 4203 de
672 4141 855 4203 Rusconibos
870 4142 1114 4204 Mediolanensem
1129 4146 1220 4203 Vene-

154 4240 220 4316 riis,
237 4241 281 4300 dic
298 4259 322 4302 tt
335 4241 403 4302 Maii
412 4241 533 4300 ntmx.
550 4270 564 4295 »
578 4241 682 4303 iu-Iol.
699 4263 763 4302 cum
777 4242 825 4324 fig.
840 4277 880 4289 -
893 4246 1019 4316 Pauaer,
1037 4254 1111 4307 tom.
1129 4242 1219 4314 VIII,

155 4339 432 4519 pailleiihiorphosis
449 4440 593 4504 moraliter
608 4464 624 4503 a
638 4445 776 4526 magistro
789 4445 902 4506 Thoma
912 4443 1058 4519 Walleis,
1077 4443 1215 4530 Anglico,
