2768 4694
475 329 574 396 PER
597 331 630 399 l.
657 329 886 399 MASSON.
1150 359 1213 404 att

184 476 228 550 El
243 474 319 571 egis
331 499 434 574 porro
448 471 597 571 proxime
609 496 750 571 sequens
768 488 852 560 xtu,
867 473 1012 548 Nasonis
1024 474 1138 560 rotuli,
1154 476 1219 551 boc

155 612 219 680 est,
238 612 285 666 xx
298 587 411 665 Martii
425 586 499 671 die,
514 603 642 660 cantata
660 604 731 662 est:

317 752 386 809 Bet!
398 770 591 823 mpervacuus,
605 749 668 819 quid
680 750 753 804 enim
765 751 816 804 tuit
828 750 890 805 utile
903 752 994 824 gigni?

353 843 397 899 At
409 863 457 897 sua
467 856 586 896 straus
596 851 715 911 tempora
726 853 817 896 noster
829 843 910 897 adest.

319 934 415 1002 Dure,
427 932 493 1003 quid
505 931 538 987 ed
553 932 664 987 niceros
673 933 795 987 veniebas
805 935 898 990 euutiu
909 936 1014 990 annos?

353 1024 493 1079 Debueras
504 1022 553 1076 iltis
565 1022 717 1093 imposuisse
730 1023 840 1079 modum
850 1064 860 1092 ,
871 1035 920 1080 etc.

158 1192 195 1238 ex
208 1162 359 1264 quibus,
373 1158 427 1233 uti
439 1175 474 1235 et
485 1155 722 1256 sequentibus,
742 1155 840 1229 simul
851 1173 956 1257 patet,
971 1156 1060 1232 bunc
1078 1185 1147 1234 esse
1158 1163 1226 1262 pri·

159 1307 250 1357 mum
264 1277 420 1362 ambo,
435 1302 533 1376 quem
549 1273 691 1347 Ovidius
708 1274 741 1346 in
758 1273 864 1347 exsilii
881 1273 956 1347 loco
981 1275 1203 1352 celebraverit.

213 1393 348 1471 Silenda
364 1419 441 1469 vero
455 1390 507 1467 bic
523 1418 589 1463 non
606 1407 656 1463 est
672 1389 815 1476 Pen'llu,
836 1391 890 1464 cui
903 1391 1019 1487 Elegia
1038 1413 1091 1467 vtl
1107 1395 1229 1469 inscri-

163 1510 268 1586 bitur.
294 1510 377 1589 Eam
400 1502 552 1581 nonnulli
577 1520 740 1603 putamnt
766 1503 878 1578 Ovidii
889 1504 998 1604 filium
1020 1533 1112 1594 esse,
1139 1506 1230 1608 quod

165 1650 245 1697 vers.
270 1619 312 1693 18
328 1620 361 1692 iu
377 1616 570 1715 vulgaribus
585 1616 789 1690 editionibus
806 1635 903 1719 poeta
919 1618 959 1691 de
976 1647 1011 1692 se
1028 1620 1171 1695 scribat:

291 1856 294 1863 Ι
326 1783 416 1853 thue
426 1791 503 1851 pater
512 1792 598 1847 nate,
612 1778 717 1848 duxque
729 1797 867 1848 comesque
881 1777 929 1831 lui.

167 1927 211 1998 At
221 1921 300 1997 licet
311 1920 397 1994 banc
410 1915 628 2021 probaremus
641 1914 835 2002 lectionem,
853 1943 1026 2015 possemus
1040 1936 1233 1997 tamencum

166 2040 247 2112 Tan.
263 2033 373 2109 Fabro
387 2042 396 2072 ¹
410 2031 457 2106 sic
468 2032 632 2105 Nostrum
644 2027 866 2130 interpretari,
887 2046 924 2102 ut
939 2029 1003 2102 hoc
1014 2033 1114 2108 modo
1129 2035 1234 2132 signi·

168 2152 257 2241 ficet,
278 2179 313 2224 se
329 2146 485 2221 nimirum
501 2143 629 2221 Perillae
646 2144 758 2220 studia
774 2144 834 2239 (de
855 2144 977 2245 quibus
994 2149 1170 2249 superius)
1184 2153 1235 2226 so-

169 2273 268 2356 visse;
293 2297 327 2343 se
344 2265 394 2339 illi
412 2263 545 2350 itidem,
564 2280 603 2336 ut
618 2250 730 2366 patres
746 2260 874 2348 solent,
893 2263 1009 2340 ducem
1026 2285 1060 2342 et
1078 2270 1234 2346 comitem

169 2387 208 2460 ad
222 2384 378 2488 praeclara
396 2377 506 2452 studia
518 2379 636 2452 nitenti
650 2380 763 2455 fuisse.
783 2377 911 2452 Deinde
921 2382 1047 2455 variant
1056 2383 1234 2459 admodum

168 2501 356 2587 codttss,
368 2495 485 2571 etloco
493 2509 690 2593 poterootoe,
708 2515 855 2599 quatuor
866 2494 1008 2585 babent,
1021 2515 1114 2596 poter
1126 2528 1236 2588 ne1o05

169 2619 326 2703 totidem,
345 2631 434 2714 utque
449 2625 539 2711 putet
558 2638 673 2696 veooe5
694 2611 747 2687 alii
768 2611 884 2701 aliter,
904 2629 1042 2687 notante
1059 2613 1099 2688 cl.
1127 2617 1233 2695 Nicol.

169 2731 323 2812 Heinsio.
342 2730 500 2802 Praeterea
517 2723 601 2800 nihil
616 2744 668 2800 est
679 2743 750 2801 toto
763 2728 798 2802 in
816 2728 979 2816 carmine,
998 2729 1090 2830 quod
1109 2731 1160 2804 vel
1181 2733 1237 2808 in·

171 2877 274 2928 nuere
297 2845 424 2949 possit,
448 2842 597 2917 Perillam
615 2840 737 2917 hancce
752 2840 852 2920 luisse
866 2845 1009 2920 Nasonis
1025 2843 1146 2936 filiam,
1165 2878 1237 2950 que

175 2996 247 3043 cum
264 2993 327 3038 suo
345 2960 483 3061 conjuge
500 2960 533 3032 in
549 2957 665 3033 Africa
681 2957 761 3045 luit,
778 2986 879 3061 quum
895 2963 1018 3035 Noster
1032 2989 1120 3037 anno
1137 2992 1236 3067 supe.

176 3084 257 3158 riore
274 3080 315 3154 ad
333 3076 431 3152 finem
448 3093 601 3172 vergente
616 3075 650 3148 in
661 3069 812 3164 exsilium
822 3075 948 3164 abiret;
968 3094 1000 3150 et
1013 3106 1085 3180 que
1098 3081 1236 3179 proinde

178 3203 225 3276 vir
241 3197 389 3302 potuerit
410 3193 476 3267 boc
503 3211 651 3293 tempore
672 3193 791 3265 Roma
811 3192 922 3269 sedere
947 3191 1033 3266 dulci
1051 3223 1117 3270 cum
1143 3216 1238 3274 matre

179 3322 279 3419 (vers.
296 3313 367 3407 3),
386 3340 484 3414 quam
501 3310 600 3384 etiam
616 3324 716 3411 poeta
732 3334 775 3380 ne
791 3308 891 3383 verbo
909 3309 1042 3410 quidem
1055 3340 1112 3387 ceu
1131 3344 1237 3389 caram

179 3437 227 3508 sui
243 3432 415 3529 conjugem
433 3424 567 3502 salutat.

227 3550 267 3618 tt.
300 3549 374 3618 Hoc
395 3543 520 3645 pariter
546 3569 633 3616 anno
659 3539 772 3643 potnit
791 3539 870 3614 l'der
893 3541 1016 3629 scribi,
1048 3543 1101 3615 cui
1118 3541 1235 3615 titulus

181 3664 268 3747 lttIS,
282 3688 319 3733 er
329 3660 405 3733 licto
418 3657 574 3732 nimirum
583 3655 676 3731 illius
692 3655 753 3730 viri
766 3656 917 3745 nomine,
936 3685 1034 3757 quom
1045 3684 1084 3730 eo
1097 3655 1236 3729 carmine

183 3777 333 3861 devovet,
351 3773 441 3874 quod
455 3773 570 3871 lingua
582 3777 744 3850 Nostrum
761 3773 898 3875 ejusque
917 3772 1090 3871 conjugem
1106 3768 1238 3841 morde-

184 3910 245 3980 ret,
265 3909 304 3963 ut
317 3889 440 3962 indicat
455 3916 535 3965 vers.
560 3888 679 3963 1146.
698 3888 830 3963 Etenim
848 3889 896 3965 sic
913 3888 1064 3962 orditur:

218 4088 226 4120 ¹
242 4087 299 4142 Lib.
313 4087 344 4153 1,
361 4083 445 4154 Epist.
456 4099 568 4142 natm.
