2768 4694
481 321 582 387 PER
605 323 638 387 J.
665 260 894 397 MASdON.
1157 330 1221 397 aad

316 462 397 515 ma
407 459 442 514 eit
456 458 512 515 tac
523 460 641 530 φωνὴ
651 461 722 516 inter
735 464 875 531 Gm'osare
887 466 1031 534 Germe,

349 553 375 607 A
386 551 454 607 nde
466 552 563 622 pacatis
576 551 634 621 ptos
645 552 725 607 trahit
737 573 783 607 ora
797 557 871 608 Getis
884 565 934 610 etc.

203 670 266 745 Ν.
283 668 455 747 Addamus
472 669 572 751 ethic
586 669 849 745 observationem
862 670 1063 747 illustrando
1081 675 1226 775 ejusdem

153 794 214 869 tio
233 795 284 873 ill
297 822 341 869 ex
356 794 491 881 Ponto,
517 795 630 894 Epist.
657 813 706 880 11,
723 792 821 884 loco,
845 822 882 868 ac
903 795 1021 883 Cattoe,
1041 797 1095 873 eui
1110 798 1227 879 inseri-

153 910 264 998 bitar,
272 909 401 1010 ,terreri¹
416 906 643 985 necessariam.
657 906 790 980 Scilicet
803 908 946 983 Ovidius
956 909 995 984 de
1006 909 1106 1009 hujus
1120 913 1228 993 Cottae

152 1025 284 1098 man'bas
296 1024 455 1125 loquens,
473 1021 567 1097 addit
582 1050 666 1095 vers.
692 1022 873 1097 105·108:

320 1173 399 1241 Quos
415 1172 608 1236 Valeuspem'a'
617 1180 757 1238 eognoscat
771 1177 995 1237 maritimum,

355 1261 435 1331 Quot
447 1263 529 1314 Nm
538 1271 663 1314 materam
677 1280 731 1314 ooo
746 1272 825 1330 neget
836 1282 890 1317 esse
903 1282 980 1318 suos:

324 1353 500 1422 Amlcrtque
510 1351 623 1422 probent
634 1352 748 1421 genitiva
759 1353 792 1406 ad
802 1354 912 1408 nomina
924 1353 1033 1411 Corra
1044 1378 1053 1421 ς

356 1442 385 1498 Si
396 1453 425 1498 ttt
436 1460 489 1498 m
500 1462 582 1510 esses,
595 1444 735 1497 interitura
747 1444 849 1498 domus.

163 1573 286 1675 quibus
305 1572 425 1646 Noster
443 1570 625 1669 signifieat,
648 1568 770 1647 Cottam
787 1601 827 1646 ex
847 1571 1046 1648 Valeriorum
1069 1574 1228 1650 Messala-

159 1718 224 1765 rum
241 1706 337 1783 gente
354 1714 414 1790 per
429 1704 555 1789 patrem
573 1705 683 1761 ortum
701 1689 828 1762 trahere
842 1719 850 1776 3
870 1691 994 1791 quippe
1011 1720 1091 1787 gens
1110 1722 1168 1767 sua
1184 1696 1225 1768 ab

158 1806 295 1906 antiquo
311 1801 354 1876 V
347 1802 443 1877 oleri'
458 1821 631 1879 stemmate
648 1832 770 1878 nomen
787 1804 977 1895 derivabat,
994 1826 1027 1881 et
1044 1811 1101 1910 qui
1119 1812 1228 1912 primo

159 1920 202 1992 V
194 1920 281 1993 alesti
290 1937 324 1994 et
338 1918 380 1990 V
374 1919 467 1993 olasri'
481 1918 612 1993 fuerant
632 1918 733 2007 dicti,
755 1938 870 2021 postea
886 1939 919 1995 et
939 1920 981 1993 V
975 1925 1065 1998 aleni'
1077 1946 1156 2001 sunt
1172 1958 1228 2001 ro-

160 2039 241 2127 eati,
263 2054 301 2111 ut
316 2056 403 2111 recte
423 2034 465 2110 cl.
482 2036 555 2112 Nic.
574 2036 736 2112 Heinsius
753 2038 890 2111 notavit.
910 2041 959 2112 At
973 2038 1058 2114 male
1072 2072 1149 2116 mor
1168 2045 1226 2119 ad-

161 2155 224 2244 dit,
245 2155 405 2229 0vidium
421 2184 506 2229 vers.
529 2180 594 2256 ¹⁰7
613 2155 770 2241 innuere,
789 2155 920 2230 Cottam
934 2155 1095 2256 adoptione
1105 2160 1137 2232 ia
1151 2163 1226 2237 Aa·

161 2272 261 2344 reliam
284 2269 443 2345 Cottaram
452 2269 609 2369 familiam
628 2270 773 2344 transisse
796 2267 822 2341 ³.
846 2271 980 2344 Etenim
1003 2274 1126 2347 Noster
1142 2272 1226 2348 clare

160 2386 254 2461 dotet
279 2386 339 2459 lib.
365 2387 416 2457 lv
433 2413 472 2456 er
495 2385 630 2472 Ponto,
651 2386 717 2487 Ep.
743 2383 805 2458 ult.
828 2385 934 2458 Cottae
958 2402 1084 2460 matrem
1108 2416 1147 2459 er
1167 2389 1227 2462 ista

159 2504 334 2576 Cottamm
350 2497 487 2574 Aurelia
503 2496 624 2572 familia
637 2518 841 2603 procreatam
859 2499 982 2588 fuisse,
999 2529 1045 2575 vs.
1063 2502 1178 2592 4144
1192 2532 1199 2571 :

326 2647 364 2700 Te
377 2657 466 2698 tamen
481 2645 507 2697 in
521 2644 598 2697 turba
608 2664 661 2699 noo
674 2649 774 2715 ausim,
790 2650 878 2706 Cotta,
892 2646 981 2706 siiere;

360 2734 499 2790 Pieridum
511 2734 617 2801 iumen,
630 2736 829 2808 pruidiumque
841 2736 899 2790 sori.

326 2827 456 2879 Maternae
471 2828 561 2878 Cottas
572 2825 615 2885 toi
626 2827 803 2898 latuitque
815 2841 937 2899 paternos

357 2917 474 2970 Maxima
486 2916 608 2971 notities·
616 2916 776 2987 ingemat·
785 2919 866 2975 dodit
1111 2999 1116 3018 Ι

157 3047 271 3143 Igitur
288 3073 390 3146 quum
410 3040 512 3118 Cotta
533 3059 630 3144 pater
645 3058 733 3116 esset
752 3044 804 3118 M.
824 3045 867 3119 V
861 3047 973 3120 alerias
992 3046 1134 3120 Messala
1152 3049 1231 3127 Cor-

160 3163 264 3248 siaas,
283 3159 515 3237 celeberrimus
526 3158 585 3234 ilie
602 3177 735 3247 orator,
752 3159 792 3234 de
804 3163 898 3258 cujus
911 3179 1017 3236 morte
1032 3190 1130 3264 sopra
1145 3165 1230 3239 diri-

162 3304 232 3353 mus
245 3278 286 3351 ad
300 3305 351 3350 an.
366 3277 410 3348 U.
424 3276 461 3350 C.
477 3291 640 3363 natvm
652 3291 844 3351 matertera
857 3275 899 3350 ab
911 3275 1045 3350 Aurelia
1056 3278 1229 3352 Cottarum

195 3474 203 3504 ¹
220 3472 262 3531 De
274 3488 328 3542 quo
339 3491 420 3543 ageos
429 3470 566 3527 Theodor.
578 3469 694 3545 nyctim
704 3471 776 3527 varie
784 3480 873 3542 errat,
885 3482 939 3526 not
951 3470 982 3526 ad
993 3473 1074 3528 Tacit.
1086 3475 1159 3528 Ano.
1176 3474 1228 3540 tlt,

166 3559 516 3630 ⁰²⁹·22t0m·¹1·r³t·⁵7·

196 3650 209 3679 ²
226 3648 336 3702 Rutilius
353 3650 379 3702 in
399 3649 537 3703 itinerario
558 3650 652 3703 Volusi
667 3648 765 3703 habet:
784 3671 797 3696 «
817 3648 874 3718 Qui
896 3653 989 3704 Volusi
1003 3651 1112 3718 antiquo
1130 3647 1231 3702 derivat

165 3739 301 3787 stemmate
313 3749 411 3784 nomen
421 3768 429 3796 ,
440 3730 474 3791 Et
485 3749 560 3801 reges
573 3728 702 3797 Rutulae,
715 3741 782 3785 teste
795 3729 927 3798 Marone,
940 3731 1030 3785 refert.
1045 3755 1057 3777 ι

196 3817 208 3850 ⁸
224 3817 307 3888 Quod
318 3830 345 3872 et
355 3822 503 3887 nuperrime
517 3819 548 3873 d
566 3823 768 3892 Bmucdhysen
786 3819 952 3888 adfirmavit,
972 3833 1027 3874 not.
1042 3819 1074 3873 ad
1089 3817 1184 3871 Tibutt
1203 3831 1230 3874 et

166 3905 244 3973 paulo
254 3916 317 3959 ante
330 3904 433 3958 Theod.
444 3905 558 3978 Bythias
571 3918 625 3967 net.
638 3907 673 3965 sd
686 3906 769 3962 Tacit.
785 3917 849 3962 tom.
861 3908 907 3974 ΙΙ,
927 3927 984 3976 pag.
1002 3907 1047 3970 58,
1067 3915 1229 3971 sequuntur,

166 3991 260 4127 ΞὶΙΙίεοι
273 3990 437 4127 Sdcholiastm
448 3991 530 4046 Persii
542 3989 574 4043 ad
587 3992 640 4046 Sat
653 3992 697 4059 11,
709 4011 775 4046 rere.
790 4012 837 4060 re,
849 3994 925 4061 eujus
936 3992 1023 4047 beon
1040 3986 1142 4058 profert
1167 3991 1229 4063 ity-

196 4075 233 4128 ὐς
245 4076 279 4127 ibi
301 4117 306 4127 .
