2768 4694
165 346 226 434 178
489 346 529 408 P.
560 343 740 412 OVIDlI
775 343 904 412 VITA

157 511 217 586 per
234 485 452 585 quaesiverunt
472 493 504 570 ¹,
531 512 598 584 quo
613 487 737 559 Noster
761 487 869 559 Roma
893 485 1065 585 proiectus
1087 506 1152 564 cst.
1179 490 1231 565 Illi

158 602 281 678 mensis
302 601 445 678 Octobris
461 603 594 677 initium
610 601 737 704 placuit
751 632 791 677 ex
806 603 907 678 Trist
923 601 983 678 lib.
1001 607 1036 693 l,
1053 605 1152 703 Eleg.
1172 629 1231 683 tv:

162 717 314 793 «Refert
339 718 447 804 enim,
470 717 516 790 ait
536 715 723 808 Calvisius,
745 720 926 795 Arcturum
948 737 1019 794 tum
1047 721 1228 814 occidisse,

160 870 179 902 »
199 834 291 937 quod
316 833 438 909 sactum
455 853 507 909 est
531 836 680 938 vesperi,
700 836 835 938 mando
859 836 912 911 sol
933 839 1128 928 occidebat,
1156 871 1229 919 cnm

160 984 179 1017 »
199 949 303 1044 gradu
319 968 370 1024 xlt
389 949 596 1050 Scorpionis,
616 968 687 1025 tum
704 951 862 1054 temporis
880 954 967 1030 circa
983 953 1070 1030 diem
1087 976 1144 1032 Ἧι
1162 960 1228 1035 Oc·

160 1101 178 1133 »
199 1067 318 1142 tobris.
340 1065 447 1140 Addit
466 1084 622 1169 preterea
639 1097 744 1168 quum
760 1069 896 1144 Lucifer
919 1071 1080 1159 oriretur,
1098 1074 1226 1151 Lunam

160 1217 180 1248 »ι
199 1181 300 1258 luisse
325 1180 392 1255 sere
417 1180 453 1252 in
478 1180 586 1253 medio
611 1181 690 1256 celo
716 1214 724 1255 :
750 1213 818 1285 quo
833 1185 942 1261 innuit
960 1184 1146 1261 discessum
1159 1189 1226 1288 ejus

162 1335 179 1366 ³>
199 1300 353 1374 incidisse
376 1315 456 1398 post
478 1296 608 1399 aliquot
635 1298 721 1399 dies,
739 1329 843 1400 quum
867 1304 962 1376 Luna
981 1300 1081 1402 plena
1101 1301 1224 1381 inisset

160 1415 300 1490 »Plena
326 1431 436 1488 autem
458 1413 522 1486 luit
545 1415 607 1488 hoc
624 1443 712 1488 anno
732 1416 797 1512 (C.
819 1435 911 1505 vtlt,
929 1420 972 1489 U.
992 1419 1031 1490 C.
1049 1423 1224 1515 neem),

161 1568 179 1598 »
200 1533 252 1606 die
270 1551 298 1604 ll
313 1530 487 1604 Octobris.
504 1563 521 1592 »

115 1724 120 1743 ‚
154 1652 157 1658 '
207 1648 297 1719 Loca
313 1665 441 1733 tamen,
459 1671 532 1744 quse
554 1641 594 1715 cl.
622 1644 673 1717 vir
696 1645 742 1718 ob
761 1643 875 1719 oculos
890 1646 1055 1736 habebat,
1070 1675 1139 1720 rem
1156 1676 1229 1721 non

156 1762 321 1837 evincunt.
338 1761 438 1836 Prior
452 1759 585 1860 quidem
602 1788 684 1835 vers.
708 1787 721 1831 r
743 1779 778 1835 et
794 1786 838 1834 2:

317 1920 440 1989 Tingitur
451 1917 562 1972 Oceano
572 1929 658 1972 custos
668 1921 680 1950 ²
694 1917 900 1990 Erymanthidos
914 1918 992 1972 Urso,¹
1002 1917 1030 1983 ³,

357 2010 557 2079 AEquorcasque
568 2029 615 2062 suo
626 2008 711 2064 sidere
723 2009 810 2061 turbat
821 2016 899 2077 aquas
910 2028 917 2061 :

157 2145 304 2222 ostendit
319 2148 491 2220 Arcturum
508 2163 577 2216 tum
596 2142 771 2228 occidisse,
791 2172 894 2244 quum
911 2144 981 2219 hac
996 2149 1088 2221 Naso
1105 2147 1231 2223 scribe-

157 2281 225 2352 ret;
237 2261 273 2335 id
282 2278 349 2348 est,
359 2289 428 2334 non
439 2277 525 2334 certe
538 2287 640 2359 quum
648 2261 756 2332 Roma
767 2258 1043 2357 proficisceretur,
1052 2261 1110 2336 sed
1124 2291 1232 2363 quum

156 2382 223 2481 jam
237 2381 273 2454 in
291 2379 373 2453 meri
387 2394 491 2466 esset,
509 2405 546 2449 ac
563 2374 703 2475 proinde
712 2402 822 2450 mense
835 2375 1029 2453 citissimum
1043 2379 1225 2465 Decembri,

160 2524 199 2570 ex
217 2493 317 2569 modo
337 2492 444 2567 dictis.
465 2491 569 2564 Addit
585 2490 672 2562 enim
689 2491 830 2578 Noster,
848 2519 929 2565 vers.
948 2488 1017 2564 3et
1033 2493 1080 2584 [μ

320 2659 378 2712 Nos
388 2668 478 2710 tamen
490 2653 595 2707 lonium
608 2671 664 2706 non
677 2664 765 2711 nostra
777 2654 903 2710 findimus
912 2675 993 2724 equor

352 2750 453 2819 Sponte
463 2767 471 2810 ;
486 2745 531 2802 sed
543 2744 652 2799 audaces
662 2746 781 2816 cogimur
791 2767 846 2802 esse
857 2758 945 2815 metu,
958 2760 1006 2804 etc

161 2887 255 2982 Quin
273 2887 340 2959 imo
358 2900 428 2956 tum
442 2881 541 2954 Italia
553 2880 741 2955 adhucdum
757 2884 961 2973 cernebatur,
976 2914 1022 2960 vs.
1049 2915 1176 2989 17-20:

326 3048 408 3120 Quod
422 3048 470 3102 nui
483 3058 595 3101 ninutas
606 3049 722 3102 emiserit
733 3048 826 3102 AEolus
839 3070 928 3117 auras,

356 3141 386 3193 ln
401 3139 457 3192 loca
468 3139 522 3205 jam
533 3138 608 3193 nobis
619 3158 674 3193 non
686 3138 806 3192 adeunda
816 3139 894 3193 ferar.

323 3231 392 3286 Num
405 3229 512 3299 procul,
525 3231 636 3301 Illyricis
647 3229 709 3282 leva
721 3230 754 3283 de
767 3241 838 3299 perte
851 3230 961 3301 relictis,

352 3322 496 3378 Interdicts
508 3322 573 3376 mihi
587 3321 705 3376 cernitur
715 3325 803 3378 Itals's.

195 3497 203 3524 ¹
220 3487 265 3543 sic
277 3498 304 3542 et
315 3498 374 3541 sute
386 3487 439 3556 ipse
452 3491 571 3556 Scaliger,
583 3487 629 3557 qui
641 3488 745 3559 Prolog.
758 3490 790 3544 sd
803 3489 903 3544 Chron.
918 3488 1012 3544 Euseb.
1020 3508 1076 3558 pag.
1096 3493 1143 3560 16,
1162 3513 1218 3565 pro·

158 3579 222 3640 lure
231 3585 354 3640 conatur,
371 3573 462 3628 Ovidii
473 3574 613 3628 discessum
625 3593 658 3628 ex
675 3576 741 3629 urbe
754 3574 888 3646 contigisse
901 3592 954 3629 vus
967 3585 1010 3628 aut
1030 3591 1070 3629 vu
1089 3578 1155 3635 Idus
1165 3581 1220 3636 No-

161 3661 248 3716 remb.
260 3678 316 3713 non
327 3658 403 3729 longe
416 3679 430 3711 a
442 3659 592 3729 plenilunio.

194 3756 205 3784 ²
223 3752 292 3805 Alias
312 3751 504 3820 Arctophylax,
526 3770 556 3802 ex
578 3767 660 3817 grace
677 3749 794 3816 origine,
815 3749 852 3803 uti
868 3759 895 3802 et
911 3753 1051 3813 Arcturus,
1076 3771 1106 3806 ac
1131 3756 1221 3806 Bootes

39 3871 43 3878 ·
161 3849 274 3891 vocatur.

192 3925 202 3957 ²
218 3927 276 3980 llos
288 3944 376 3979 versus
389 3925 489 3993 prolert
505 3926 599 3991 Scallg.
613 3924 642 3997 ¹J.
661 3921 694 3975 C.
711 3923 825 3992 indeque
843 3923 956 3996 colligit,
974 3946 1082 3980 mensem
1101 3926 1222 3980 discessus

160 4006 285 4071 Ovidiani
297 4007 391 4073 suun,
404 4008 495 4078 inquo
507 4010 629 4061 Arcturus
639 4007 770 4061 matutino
782 4021 900 4079 tempore
921 4011 1028 4076 occidit,
1050 4012 1077 4065 id
1091 4022 1147 4077 est,
1168 4026 1221 4063 rur

159 4093 198 4142 Id.
214 4093 326 4144 Nos’emb.
