2768 4694
166 344 225 408 ¹52
484 345 524 409 P.
551 343 728 410 ovtnlt
751 343 887 411 VITA.

240 507 321 563 Anno
339 516 400 560 ente
417 504 449 560 C.
469 522 512 571 ιη
525 505 562 561 U.
580 505 612 561 C.
631 522 767 572 nccrnuu
781 507 886 574 Ovidii,
902 524 979 562 xxxn
993 520 1021 564 et
1037 486 1144 568 mur..

263 650 300 718 Q.
313 647 413 704 AEuo
426 649 649 718 TUBERONE‚
665 651 695 705 P.
708 649 822 705 FABIO
834 649 994 706 MAXIMO
1009 650 1113 735 COSS.

205 796 232 866 l.
260 794 428 868 Tenuuu
446 794 560 868 Romu
578 791 726 867 theatrum
748 793 813 866 hoc
834 821 920 866 anno
943 792 1130 869 dedicatum
1150 813 1161 845 ¹
1178 798 1219 872 eb

158 913 309 1006 Augusto
324 909 487 995 Marcell',
514 911 580 1008 jam
603 908 826 984 duodecennin
842 927 918 983 unte
935 909 1067 999 denari,
1085 916 1221 989 nomine

158 1027 240 1114 luit,
255 1026 282 1100 si
301 1026 431 1127 quidem
446 1025 553 1099 Plinio
565 1034 578 1063 ²
592 1026 770 1100 credamus.
788 1029 822 1100 ls
840 1027 925 1100 enirn
942 1044 1071 1117 namt,
1085 1031 1220 1126 Augus·

158 1158 248 1227 tum,
276 1139 319 1239 Q.
346 1139 528 1224 Tuberone,
553 1138 658 1211 Fabia
675 1140 820 1212 Maxima
841 1140 1029 1226 consaldus,
1053 1160 1093 1214 lv
1108 1146 1221 1219 Nonas

157 1254 284 1338 Maias,
305 1250 424 1324 theatn''
438 1251 588 1325 Marcelli
606 1251 790 1326 dedicatione
815 1253 912 1356 tinnio
933 1255 1065 1355 pruinam
1087 1259 1220 1332 wnnimn

156 1371 272 1444 Barna
288 1367 449 1441 ostendisse
461 1367 493 1438 in
510 1395 600 1440 ennea
612 1367 856 1466 mansuefactam.
884 1370 979 1445 Hunc
995 1387 1103 1445 tamen
1127 1373 1222 1448 dedi-

158 1483 319 1556 cationem
347 1478 443 1553 Di0³
466 1480 507 1554 ad
525 1508 646 1553 annum
671 1483 713 1553 U.
742 1484 780 1556 C.
808 1499 955 1572 neem,
973 1511 1040 1583 quo
1062 1501 1096 1557 et
1120 1486 1227 1562 Balbi

156 1597 304 1672 theatrum
321 1625 360 1671 ex
377 1597 446 1695 ejus
464 1594 597 1672 calculis
617 1597 801 1673 dedicatum
820 1599 944 1688 fuerat,
961 1598 1067 1675 refert
1094 1601 1219 1676 Verum

156 1715 267 1789 Plinio
289 1716 402 1817 potius
425 1715 506 1790 fides
527 1715 679 1790 habenda
706 1718 855 1806 videtur,
880 1735 918 1790 ut
945 1718 1002 1819 qui
1019 1718 1065 1794 rei
1078 1720 1221 1821 propior

156 1828 239 1917 snit,
256 1858 292 1904 ae
308 1858 378 1903 non
393 1829 494 1904 modo
514 1828 666 1907 consules
676 1832 760 1930 ,sed
777 1849 810 1905 et
826 1860 968 1925 mensem
987 1832 1138 1932 diemque
1154 1861 1221 1907 no-

157 1947 258 2033 tavit,
278 1976 349 2047 qnae
364 1949 518 2046 majorem
534 1947 757 2024 demonstrant
772 1947 991 2043 diligentiam
1005 1967 1043 2022 ut
1055 1948 1108 2023 vix
1123 1947 1221 2026 liceat

156 2063 254 2136 hasce
271 2064 428 2163 temporis
445 2081 540 2137 notas
555 2063 629 2138 falsi
644 2093 800 2159 arguere,
817 2063 866 2136 vel
884 2062 979 2136 etiam
998 2064 1168 2164 suspicari.

206 2181 321 2276 Quum
336 2208 412 2253 vero
423 2180 569 2278 Parnpeii
582 2181 743 2255 theatrum
758 2181 872 2252 Roma
885 2177 993 2251 solum
1005 2182 1219 2273 antefuisset

159 2322 256 2396 quarn
278 2292 443 2377 istudne,
467 2295 570 2365 Balbi
589 2321 626 2364 ac
642 2292 808 2391 Marcell,
837 2310 1122 2383 construerentur;
1142 2297 1219 2373 hine

157 2412 261 2512 liquet
273 2407 413 2484 nonnisi
424 2427 501 2509 post
511 2409 580 2481 hec
597 2426 743 2507 tempora
749 2411 878 2498 ¹tl'asoni
888 2409 1017 2485 licuisse
1030 2442 1067 2486 ea
1083 2443 1219 2505 canae,

159 2557 232 2631 quae
248 2527 375 2629 profert
391 2527 464 2598 Art.
483 2527 589 2625 Amet.
609 2521 667 2625 lib.
686 2524 723 2609 l,
747 2523 807 2596 ubi
831 2525 934 2598 varias
952 2554 1123 2603 recensens
1140 2561 1222 2632 por·¹

159 2644 244 2718 tinus
256 2640 269 2690 l
282 2641 404 2743 quibus
417 2643 573 2713 Romane
586 2635 739 2721 solebant
752 2638 870 2738 puellee
883 2640 1032 2740 spatiari,
1050 2644 1220 2746 Pompeia-

158 2788 228 2839 nonr
244 2757 385 2857 primum
404 2769 581 2839 memorat,
597 2752 713 2825 deinde
734 2752 946 2840 Octavianam,
965 2757 1061 2832 simul
1076 2778 1109 2834 et
1122 2762 1220 2836 Mar-

159 2874 230 2946 celli
243 2872 312 2972 ejus
327 2870 388 2945 filii
403 2869 551 2942 theatranr
566 2867 734 2964 designat,
752 2898 832 2944 vers.
853 2869 964 2972 67-70
979 2903 987 2945 :

320 3029 363 3081 Tu
375 3026 456 3079 modo
468 3027 586 3092 Ponpeu
597 3026 684 3082 lentus
692 3026 801 3096 spatiare
810 3026 859 3078 tub
869 3028 978 3095 umbre,

354 3118 448 3186 Quum
460 3114 498 3169 eol
509 3116 633 3171 Herculei
646 3129 717 3187 terge
728 3116 810 3170 leonio
822 3117 890 3170 adit:

319 3211 391 3274 Aut,
406 3207 450 3262 ubi
461 3207 614 3261 muneribus
625 3225 693 3264 narr
701 3226 749 3261 aua
759 3227 869 3261 munera
880 3222 978 3263 uerna

351 3296 478 3363 Addidit,
490 3308 599 3350 externo
609 3314 739 3379 merendre
754 3298 825 3351 dives
836 3318 909 3368 opus.

156 3435 357 3519 Postumis,
384 3429 509 3507 scilicet
523 3433 710 3520 versieulis,
726 3433 869 3521 indicat,
897 3436 1034 3510 Octauo
1051 3442 1219 3535 porticum

186 3636 206 3667 ’-
215 3632 250 3686 Et
260 3629 366 3700 quidem
379 3633 559 3684 commissione
569 3634 705 3694 blarru,
723 3640 753 3684 ut
762 3630 841 3685 hebet
857 3629 966 3686 Sueten.
978 3633 1020 3687 lib.
1031 3634 1075 3703 ll,
1094 3658 1149 3708 cap.
1165 3645 1215 3708 43,

154 3730 180 3773 et
192 3718 288 3772 indicet
300 3716 401 3770 Plinius
413 3716 470 3771 loco
477 3738 531 3788 seq.

185 3814 198 3844 ²
215 3811 283 3863 Hier.
297 3808 355 3863 Nat.
369 3808 411 3861 tib.
427 3808 513 3882 Vlll,
530 3830 584 3880 cap.
599 3832 634 3879 ¹7.

185 3900 196 3932 ³
212 3900 269 3954 Lib.
281 3900 355 3966 LIV,
368 3917 424 3967 pag.
438 3899 493 3970 539.

184 3993 195 4026 ⁴
212 3992 254 4045 De
269 3991 362 4061 quibus
372 3990 487 4043 Martial.
502 3990 544 4044 lib.
557 3993 601 4060 ll,
620 3993 669 4063 Ep
684 4009 732 4046 rtv
748 4014 780 4048 :a
794 3994 860 4050 lnde
877 3998 944 4066 petit
960 4010 1056 4055 centanr
1073 4001 1214 4072 pendentia

152 4086 220 4128 tecto
234 4080 371 4141 colomnis,
389 4073 462 4129 lllinc
474 4076 579 4143 Panope!
587 4076 657 4131 dona
667 4095 813 4149 nemusque
826 4078 928 4150 duplex.
945 4105 958 4129 »
