2768 4694
155 303 200 388 24
432 307 470 370 r.
504 305 686 373 ovrnu
719 303 949 372 ussurus

154 445 304 545 Quaque
321 444 355 516 in
372 443 586 518 Adimantum
603 443 747 519 Phliasia
763 473 865 541 regna
881 459 1046 517 tenentem

95 591 99 603 ¹
202 558 258 630 Ab
276 559 359 630 Jove
376 576 550 644 venerunt,
569 575 601 630 te
618 558 833 659 quoquetela
850 573 986 660 petant:

154 673 226 748 Aut
241 691 280 746 ut
295 674 509 748 Amastriacis
527 673 695 774 quondam
710 676 849 747 Lenaeus
866 673 908 747 ab
926 671 995 746 oris

204 788 323 862 Nudus
341 788 490 863 Achillea
506 789 696 864 destituaris
712 789 825 863 humo.

156 904 270 1004 thue
285 903 336 978 vel
352 904 557 1005 Eurydamas
576 921 624 977 ter
641 905 764 977 circum
781 903 881 978 busta
894 888 1061 1004 Thrasylli

203 1021 267 1092 Est
283 1019 441 1093 Larisseis
458 1036 575 1119 raptus
590 1019 634 1093 ab
651 1019 748 1094 hoste
763 1021 869 1106 rotis;

155 1134 216 1210 Vel
233 1136 290 1237 qui
307 1166 379 1237 quae
398 1138 504 1211 suerat
522 1155 649 1211 tutatus
665 1138 783 1211 moenia
802 1165 888 1239 sepe

206 1251 357 1351 Corpore
372 1249 526 1324 lustravit
540 1279 610 1322 non
629 1250 786 1325 diuturna
802 1281 885 1339 suo;

158 1366 270 1465 thue
285 1393 409 1437 novum
427 1392 524 1465 passa
540 1391 643 1459 genus
660 1363 924 1463 Hippomeneide
940 1392 1062 1466 puna,

207 1483 348 1553 Tractus
362 1478 398 1551 in
414 1483 525 1553 Actaea
542 1477 646 1552 fertur
660 1477 790 1565 adulter
808 1479 911 1553 humo
928 1510 936 1567 ;

158 1600 230 1685 Sic,
247 1597 308 1671 uhi
324 1596 390 1670 vita
406 1614 482 1671 tuos
499 1596 604 1670 invisa
620 1593 792 1696 reliquerit
809 1613 922 1684 artus,

206 1712 343 1789 Ultores
358 1714 489 1813 rapiant
506 1731 602 1813 turpe
620 1711 756 1789 cadaver
769 1712 856 1812 equi.
1175 1734 1226 1805 ³40

159 1881 203 1950 qui
222 1880 331 1935 Pisanos
347 1879 504 1935 eruciatibus
522 1877 667 1932 adficiebat.
748 1879 804 1935 333.
824 1880 906 1948 thue
922 1883 967 1932 vel
976 1881 1144 1951 Eurydamas.
1161 1880 1225 1936 Mos

47 1968 50 1974 ⁴
160 1959 184 2010 Τ
186 1957 316 2011 andemin
326 1956 668 2028 Alpheumfluriuml'isam
716 1957 760 2011 diu
773 1958 842 2027 apud
852 1957 989 2012 Thessalos
1000 1957 1065 2024 suit,
1078 1969 1108 2011 ut
1118 1958 1226 2013 interfi-

159 2033 666 2105 profluentemdemersusaPisanisest,
715 2036 842 2090 cientium
862 2055 972 2106 corpora
992 2037 1060 2090 eirea
1078 2037 1224 2090 occisorum

159 2114 181 2168 si
192 2112 366 2166 vetustissimo
378 2112 510 2167 eredimus
521 2112 669 2184 interpreti·
715 2113 852 2182 sepulchra
862 2113 1047 2180 traherentur,
1060 2125 1090 2168 ut
1103 2114 1224 2188 Euryda-

161 2191 232 2245 Sunt
249 2202 338 2244 autem
359 2192 426 2246 Pisa
445 2191 517 2260 juxta
534 2191 669 2263 Alpheum
716 2191 814 2245 mantis
825 2191 945 2261 exemplo
961 2201 1080 2257 constat,
1099 2192 1144 2260 qui
1156 2193 1223 2246 cirea

159 2271 230 2335 site,
243 2268 289 2323 uhi
301 2269 355 2322 ludi
369 2268 486 2341 Olympii
499 2270 669 2323 celebrabau·
717 2269 847 2341 Thrasylli
859 2270 872 2341 (
882 2289 963 2340 quem
979 2269 1168 2335 interfecerat)
1182 2281 1225 2323 tu-

159 2355 211 2398 tur.
221 2346 300 2399 Forte
308 2344 410 2415 legend.
421 2344 476 2399 hic:
486 2347 667 2414 thues‘llesud
716 2348 820 2401 mulum
835 2368 850 2401 a
861 2348 952 2412 Simo,
976 2344 1106 2419 Thrasylli
1122 2343 1203 2400 fratre
1215 2385 1223 2413 ,

160 2422 451 2493 quo,etintelligeudum
456 2422 488 2476 de
498 2423 667 2477 Pantaleone.

161 2499 274 2552 Pausan.
286 2519 342 2568 pag.
351 2502 474 2566 ado-242.
487 2499 589 2554 Stucu.

193 2578 250 2647 3²9·
267 2581 372 2645 (leaeque
382 2582 409 2630 in
419 2578 592 2630 Adtiuaulum.
602 2576 667 2629 Adi-

160 2665 281 2722 mantus,
295 2654 422 2727 Phyletiae
433 2675 495 2720 rex,
511 2656 597 2708 Ponto
607 2674 669 2707 con-

160 2735 272 2801 junctae,
285 2732 337 2785 sire
350 2734 399 2798 (ut
412 2733 453 2786 alii
462 2732 572 2799 volunt)
585 2733 669 2786 Thes·
690 2780 692 2785 .

159 2814 245 2878 salise,
266 2814 386 2866 Deorum
406 2822 592 2880 contemptor,
611 2811 669 2865 Diis

160 2889 304 2942 sacrificare
317 2891 446 2960 neglexit,
459 2909 486 2944 se
505 2891 566 2960 ipsis
582 2891 670 2958 majo-

114 3016 117 3022 .
161 2986 219 3020 reru
231 2968 373 3036 praedicans
386 2989 392 3029 ;
412 2988 492 3037 quare
507 2989 521 3022 a
534 2971 601 3022 Jove
614 2969 669 3022 tut-

162 3048 233 3100 rnine
246 3049 311 3100 ictus
330 3047 439 3100 interiit.
457 3048 614 3114 Pausanias,
640 3047 669 3102 in

162 3128 337 3181 Corinthiacis
349 3167 356 3192 ,
376 3127 458 3180 multa
468 3129 533 3183 scitu
544 3126 669 3198 dignissi-

162 3227 206 3259 ma
218 3206 250 3258 de
265 3205 383 3259 Phliasiis
393 3205 516 3275 prodidit.

196 3285 252 3336 331.
270 3285 327 3335 Au!
343 3291 372 3334 u!
388 3285 565 3335 Amastriacis.
582 3283 669 3335 Ama-

162 3361 222 3414 stris
235 3362 296 3414 urbs
308 3370 346 3412 est
358 3359 385 3410 in
400 3360 553 3426 peninsula,
572 3359 670 3414 habens

716 2434 814 2478 tractus
824 2436 881 2491 est,
895 2433 1001 2478 auctore
1016 2425 1044 2477 in
1057 2422 1136 2478 XXll
1149 2423 1224 2478 Iliad.

718 2505 875 2577 Porphyrio.

750 2584 807 2637 335.
820 2583 1227 2652 Velquiquaesnerattutatusruoe·

717 2665 762 2714 neh
770 2680 834 2729 sepe
847 2664 954 2727 Corpore
970 2663 1087 2713 lustrarat
1101 2679 1151 2712 uon
1165 2662 1226 2712 deie-

720 2749 796 2791 tuma
805 2759 859 2793 suo.
873 2739 981 2791 Hector.
992 2737 1071 2792 Dott.

751 2817 807 2887 337.
823 2819 903 2885 thue
914 2835 1002 2868 uorum
1007 2836 1090 2884 passa
1099 2825 1140 2868 est
1146 2834 1226 2884 geraus

718 2898 1226 2964 Juppomemtrleehtmppommeeuanon·

717 2973 1224 3040 nulliveteres.Scribe:othuenovum

718 3070 789 3119 passa
802 3068 884 3120 genus
896 3046 1108 3120 Hippomeneide
1119 3047 1198 3112 lethi,
1209 3070 1224 3096 »

718 3129 749 3180 ad
760 3130 883 3182 Limones
891 3125 1119 3180 adulterumenim
1129 3125 1179 3179 hoe
1186 3125 1226 3177 di-

717 3208 819 3261 stichon
826 3217 865 3260 est
872 3205 1057 3268 referendum
1070 3204 1102 3257 de
1112 3205 1224 3260 Limone

719 3296 823 3339 acturus
835 3295 873 3339 est
883 3282 952 3336 infra
963 3304 1027 3337 vers.
1037 3286 1099 3354 459,
1112 3294 1224 3336 etversu

718 3363 837 3433 prorimo
844 3364 913 3417 sorte
921 3363 1104 3428 scribendum,
1119 3366 1226 3417 Tractus

163 3449 254 3507 portus
264 3457 294 3490 ex
303 3447 413 3505 utraque
422 3447 671 3506 parte,quameou-
719 3444 859 3496 Erechthea
869 3445 957 3500 humo,
972 3461 1034 3494 narn
1047 3452 1149 3494 veteres
1162 3443 1225 3492 Tra·

163 3515 229 3569 didit
241 3515 371 3569 Amastris
383 3513 506 3586 Oxyartis
518 3514 587 3580 lilia,
605 3534 671 3568 uror
718 3529 774 3572 ctus
784 3528 811 3570 et
818 3520 917 3572 Actaea.
929 3518 965 3571 H.
978 3545 1011 3558 -
1024 3521 1225 3584 Hippomeneide.

163 3593 284 3665 Dionysii
301 3590 406 3664 tyranni
420 3591 602 3646 Heracliensis.
617 3594 670 3647 Hic
720 3597 901 3665 Hippomenes
921 3596 1086 3648 Athenarum
1105 3595 1225 3666 princeps

162 3669 305 3742 Dionysius
319 3670 429 3723 lenieris
443 3668 526 3723 dictus
544 3681 582 3723 est
602 3690 609 3724 :
625 3672 670 3740 qui
718 3673 785 3737 fuit,
800 3672 875 3740 cujus
886 3672 939 3725 filia
949 3673 977 3724 in
989 3671 1118 3725 adulterio
1128 3672 1225 3741 depre-

164 3750 284 3817 expulsus
304 3767 318 3799 a
335 3747 509 3814 Mithridate,
527 3747 628 3816 attingit
641 3750 668 3803 in
719 3754 799 3807 hensa
811 3761 866 3816 est,
882 3763 979 3820 apatre
994 3751 1028 3804 ob
1040 3751 1123 3806 scelus
1135 3753 1225 3821 juncta

164 3822 284 3894 Α’χιλλέως
302 3831 382 3901 qviper
396 3865 403 3890 ,
422 3826 548 3879 inlocum
562 3868 570 3894 ,
590 3847 669 3897 quem
718 3829 853 3900 equo:qui
862 3829 996 3883 conclusus
1004 3849 1085 3897 quum
1095 3826 1237 3890 alimentis.

167 3906 283 3958 (Iursuru
306 3902 411 3956 Achillis
429 3903 579 3973 adpellant;
595 3907 640 3960 uhi
656 3926 670 3958 a
717 3918 832 3972 careret,
842 3905 934 3959 dentes
943 3908 970 3958 in
982 3907 1092 3975 puellam
1103 3909 1223 3978 conjecit.

163 3981 215 4032 suis
227 3983 362 4049 desertus,
378 3981 456 4051 periit
469 3985 543 4037 omni
558 3984 670 4039 destitu-
719 3984 901 4037 Adultervero
910 4005 957 4053 per
964 3986 1099 4055 regionem
1108 3988 1224 4042 Atticam

164 4068 206 4109 tus
217 4076 274 4124 ope.
289 4060 366 4115 Dour.
718 4062 750 4115 ab
762 4063 835 4134 equis
847 4073 943 4118 tractus
955 4075 1000 4118 est.
1012 4065 1087 4120 Dou.
