2768 4694
154 334 198 400 tio
291 384 295 391 .
546 333 827 403 ssxctttstts

155 474 232 560 bat,
250 474 425 575 ipsumque
442 474 476 546 in
499 474 656 547 invidiam
675 494 774 575 atque
790 474 903 547 odium
919 472 1008 573 apud
1026 472 1219 570 Augustum

155 589 314 676 vocabat,
337 618 404 689 quo
420 589 665 664 diutiusTomis
677 590 878 664 exsulantem
892 606 1131 678 remoraretur3
1146 608 1218 665 tum

157 704 227 802 ejus
243 734 378 778 uxorem
397 706 588 805 importune
604 704 812 781 sollicitabat.
835 708 994 780 Praeterea
1011 704 1126 779 Ovidii
1145 704 1218 780 sor-

156 822 247 896 tunis
269 821 419 910 inhians,
438 823 548 924 ipsum
565 823 606 897 ad
624 840 800 897 extremam
821 822 967 922 inopiam
986 821 1135 917 redigere
1157 851 1217 897 co-

154 939 306 1012 nahatur.
328 941 438 1012 Omne
453 956 565 1012 votum
577 937 612 1011 in
624 938 797 1039 suppliciis
813 956 847 1012 et
861 938 1047 1026 mortibus,
1062 957 1102 1011 ut
1113 938 1216 1012 modo

157 1031 321 1140 dicebain3
336 1053 436 1154 idque
454 1050 646 1126 Callimachi
657 1052 859 1140 imitatione,
879 1053 936 1154 qui
951 1052 985 1125 in
998 1050 1216 1152 Apollonium

156 1168 343 1256 Rhodium,
358 1169 656 1265 Argonauticorum
672 1169 884 1270 scriptorem,
898 1169 1004 1244 Ibidis
1015 1170 1149 1242 nomine
1161 1198 1218 1243 no·

158 1303 281 1373 tatum,
303 1282 453 1358 libellum
480 1284 629 1384 scripsit,
654 1284 694 1357 de
718 1316 785 1386 qno
804 1287 924 1362 Suidas
950 1289 985 1361 in
1013 1293 1214 1385 Καλλίμαχος.

156 1388 228 1478 horr
253 1408 285 1476 δὲ
304 1409 413 1494 ποίημα
429 1404 676 1495 ἐπιτετηδευμένον
702 1409 740 1484 εἰς
758 1412 900 1500 ἀσάφειαν
925 1411 973 1475 καὶ
996 1408 1161 1502 λοιδορίαν,
1179 1414 1216 1488 εἶς

156 1550 217 1593 τινα
236 1510 309 1602 leo,
333 1528 481 1611 γενόμενον
501 1521 600 1612 ἐχθρὸν
614 1529 665 1588 τοῦ
685 1523 893 1611 Καλλιμάχου·
912 1521 947 1594 ἦν
963 1520 996 1587 δὲ
1014 1519 1099 1599 οὗτος
1117 1509 1217 1594 duol-

159 1645 277 1719 λώνιος,
296 1639 311 1703 ὁ
327 1641 441 1737 γράψας
461 1641 496 1707 τὰ
514 1621 724 1730 Ᾱργοναυττνοί.
745 1634 838 1705 «Est
854 1648 961 1705 autem
977 1659 1095 1731 poema
1113 1635 1154 1708 dc
1168 1638 1219 1711 in·

163 1786 181 1818 »
201 1751 327 1825 dustria
344 1750 565 1851 compositum
582 1751 739 1835 obscure,
759 1749 930 1821 continens
950 1749 1219 1826 contumeliosam

161 1905 179 1937 »
201 1869 450 1943 insectationem
459 1869 494 1940 in
503 1867 676 1968 quemdam
691 1852 785 1952 lhin,
800 1864 1132 1965 quifueratinimicus
1142 1871 1218 1944 Cal·

162 2018 180 2052 »
200 1985 332 2059 limachi
346 2015 354 2059 ε
370 2002 437 2058 erat
452 2001 561 2057 autem
578 1983 633 2055 hie
650 1981 870 2083 Apollonius,
885 1980 942 2056 ille
965 1983 1022 2084 qni
1042 1987 1217 2079 Argonau-

164 2135 182 2165 »
204 2100 267 2175 tica
284 2101 424 2201 scripsit.
445 2134 462 2164 »
478 2100 589 2196 Quare
605 2099 745 2198 dejerare
762 2098 867 2172 ausim
883 2098 1075 2174 Callimachi
1090 2130 1217 2190 manes,

162 2218 300 2293 cundem
316 2216 534 2317 Apollonium
550 2243 639 2301 esse,
657 2242 755 2314 quem
772 2212 828 2286 ille
844 2215 968 2315 hymno
985 2225 1025 2298 εἰς
1040 2207 1217 2305 Ᾰπόλλωνα,

162 2336 266 2436 ipsam
280 2335 433 2410 iuvidiam
451 2339 605 2419 αὐξητικῶς
625 2330 768 2434 appellat
783 2332 837 2406 his
853 2335 1024 2410 versibus:

306 2531 426 2618 ὁοθόνος
440 2530 589 2604 Ᾰπόλλωνος
604 2525 643 2596 ἐπ’
662 2538 742 2596 οὔατα
757 2538 857 2616 λάθριος
873 2536 953 2594 εἶπεν·
1012 2587 1014 2591 .

246 2655 248 2658 ’
302 2652 357 2706 Οὐκ
376 2648 476 2727 ἄγαμαι
491 2649 534 2705 τὸν
550 2646 658 2716 ἀοιδόν,
685 2644 713 2710 ὃς
730 2637 785 2702 οὐδ’
800 2645 850 2702 ὅσοι
862 2644 955 2710 πόντος
969 2646 1059 2704 ἀείδει.

301 2756 351 2813 Τὸν
368 2756 455 2831 φθόνον
467 2751 601 2813 ‘dultin-a
615 2752 677 2811 ποδὶ
687 2747 711 2810 τ’
723 2753 833 2824 ἤλασαν,
847 2749 895 2811 ὧδε
908 2748 931 2809 τ’
947 2752 1039 2811 ictum·

304 2851 430 2938 Ᾰοονρὶου
444 2867 572 2936 ποταμοῖο
594 2863 675 2937 μέγας
689 2860 746 2939 ῥόος
757 2864 772 2933 ,’
787 2861 852 2916 ἄλλα
867 2861 997 2918 τὰπολλὰ

305 2965 415 3042 Α’ὖματα
425 2978 473 3045 γῆς
483 2967 527 3023 καὶ
537 2965 630 3024 πολλόν
643 2957 681 3042 ἔφ’
691 2967 766 3027 ὕδατι
780 2967 899 3044 συρφετὸν
911 2968 988 3024 ἕλκοι.

306 3081 368 3134 Δηοῖ
384 3070 408 3131 δ’
421 3078 467 3131 οὐκ
478 3075 530 3131 ὰπό
545 3075 641 3140 παντὸς
656 3074 723 3154 ὕδωρ
738 3077 854 3153 poplene:
871 3074 1020 3139 Μελισοατ,

307 3168 365 3238 Ᾰλλ’
381 3185 436 3247 ἥτις
450 3185 546 3260 ααθαρῆ
562 3203 590 3239 τι
603 3181 647 3238 καὶ
658 3184 807 3260 expetente
821 3179 948 3255 ἀντ’ρπτι,

308 3288 419 3354 Πὶδακος
436 3291 462 3364 ἐξ
474 3291 542 3367 ἱερῆς
554 3289 627 3364 ὀλίγον
638 3289 728 3353 mette
740 3328 750 3361 ,
763 3288 840 3367 ἄκρον
855 3285 945 3343 ἄωτον·

312 3403 394 3475 Xaipe
412 3395 486 3473 ἅναξ·
501 3398 514 3452 ό
529 3397 557 3454 di
571 3404 686 3472 Μῶμος,
700 3385 732 3453 ἶν’
745 3395 758 3451 ὁ
770 3393 873 3472 φθόρος,
885 3390 945 3449 ’ἔνθα
956 3393 1046 3448 ulcero.

171 3573 267 3669 Quos
278 3601 380 3672 quum
388 3572 443 3647 alii
453 3571 590 3646 totidem
598 3573 726 3646 Latinis
736 3570 969 3672 expresserint,
984 3567 1062 3670 quid
1073 3567 1228 3669 impedit,

172 3690 348 3791 quominus
365 3708 399 3764 et
414 3718 476 3764 nos
491 3689 527 3762 id
545 3691 731 3766 tentemus?
745 3687 910 3762 interdum
928 3687 1014 3760 enim
1030 3686 1140 3762 Latias
1152 3689 1232 3761 Mu-

172 3832 224 3879 sas
239 3820 371 3879 nostras
388 3803 474 3876 inter
492 3803 623 3879 Graecas
640 3802 798 3879 luxuriari
815 3801 972 3874 sinimus:

364 4001 443 4075 Livor
455 3999 605 4070 Apollineas
617 4001 715 4057 occulte
729 4000 792 4054 dixit
805 4000 833 4053 in
846 4019 937 4055 aures:
1021 3982 1023 3988 ¹

367 4092 427 4148 Non
439 4091 521 4146 miror
531 4101 631 4156 retem,
646 4090 756 4161 quinon
771 4091 840 4146 canit
852 4091 961 4161 equoris
972 4091 1069 4155 instar;
