<?xml version="1.0" encoding="UTF-8"?>
<!DOCTYPE html PUBLIC "-//W3C//DTD XHTML 1.0 Transitional//EN"
    "http://www.w3.org/TR/xhtml1/DTD/xhtml1-transitional.dtd">
<html xmlns="http://www.w3.org/1999/xhtml" xml:lang="en" lang="en">
 <head>
  <title>
</title>
<meta http-equiv="Content-Type" content="text/html;charset=utf-8" />
  <meta name='ocr-system' content='tesseract 3.04.00' />
  <meta name='ocr-capabilities' content='ocr_page ocr_carea ocr_par ocr_line ocrx_word'/>
</head>
<body>
  <div class='ocr_page' id='page_1' title='image "./publiiovidiinas02massgoog_0335.png"; bbox 0 0 2768 4694; ppageno 0'>
   <div class='ocr_carea' id='block_1_1' title="bbox 161 324 1018 397">
    <p class='ocr_par' dir='ltr' id='par_1_1' title="bbox 161 324 1018 397">
     <span class='ocr_line' id='line_1_1' title="bbox 161 324 1018 397; baseline -0.006 0"><span class='ocrx_word' id='word_1_1' title='bbox 161 327 227 397; x_wconf 79' lang='lat'>330</span> <span class='ocrx_word' id='word_1_2' title='bbox 347 324 687 396; x_wconf 82' lang='lat' dir='ltr'><strong>TESTIMONIA</strong></span> <span class='ocrx_word' id='word_1_3' title='bbox 711 327 776 393; x_wconf 85' lang='lat' dir='ltr'>ET</span> <span class='ocrx_word' id='word_1_4' title='bbox 799 325 1018 396; x_wconf 85' lang='lat' dir='ltr'><strong>JUDICIA</strong></span> 
     </span>
    </p>
   </div>
   <div class='ocr_carea' id='block_1_2' title="bbox 159 467 1229 2536">
    <p class='ocr_par' dir='ltr' id='par_1_2' title="bbox 159 467 1227 1022">
     <span class='ocr_line' id='line_1_2' title="bbox 206 467 1224 575; baseline 0.001 -32"><span class='ocrx_word' id='word_1_5' title='bbox 206 470 339 545; x_wconf 75' lang='lat' dir='ltr'>lmus</span> <span class='ocrx_word' id='word_1_6' title='bbox 353 468 551 560; x_wconf 67' lang='lat' dir='ltr'>Seuerum,</span> <span class='ocrx_word' id='word_1_7' title='bbox 566 471 601 545; x_wconf 95' lang='lat' dir='ltr'>in</span> <span class='ocrx_word' id='word_1_8' title='bbox 615 469 844 575; x_wconf 73' lang='lat' dir='ltr'>Hypercn‘u‘co,</span> <span class='ocrx_word' id='word_1_9' title='bbox 861 499 896 572; x_wconf 87' lang='lat' dir='ltr'>p.</span> <span class='ocrx_word' id='word_1_10' title='bbox 916 467 988 570; x_wconf 85' lang='lat'>788</span> <span class='ocrx_word' id='word_1_11' title='bbox 1002 498 1011 543; x_wconf 75' lang='grc' dir='ltr'><strong><em>ε</em></strong></span> <span class='ocrx_word' id='word_1_12' title='bbox 1028 501 1047 535; x_wconf 76' lang='grc' dir='ltr'><strong>α</strong></span> <span class='ocrx_word' id='word_1_13' title='bbox 1061 470 1139 544; x_wconf 79' lang='lat' dir='ltr'>lam</span> <span class='ocrx_word' id='word_1_14' title='bbox 1153 498 1224 544; x_wconf 79' lang='lat' dir='ltr'>uero</span> 
     </span>
     <span class='ocr_line' id='line_1_3' title="bbox 160 584 1227 689; baseline -0.001 -28"><span class='ocrx_word' id='word_1_15' title='bbox 160 616 181 653; x_wconf 71' lang='lat' dir='ltr'>u</span> <span class='ocrx_word' id='word_1_16' title='bbox 198 584 241 661; x_wconf 85' lang='lat' dir='ltr'>ud</span> <span class='ocrx_word' id='word_1_17' title='bbox 254 612 329 660; x_wconf 90' lang='lat' dir='ltr'>eum</span> <span class='ocrx_word' id='word_1_18' title='bbox 342 585 550 688; x_wconf 83' lang='lat' dir='ltr'>pervenimus</span> <span class='ocrx_word' id='word_1_19' title='bbox 561 585 693 678; x_wconf 87' lang='lat' dir='ltr'>locum,</span> <span class='ocrx_word' id='word_1_20' title='bbox 712 587 830 689; x_wconf 90' lang='lat' dir='ltr'>inquo</span> <span class='ocrx_word' id='word_1_21' title='bbox 847 585 973 682; x_wconf 80' lang='lat' dir='ltr'>ingenii</span> <span class='ocrx_word' id='word_1_22' title='bbox 988 585 1184 682; x_wconf 79' lang='lat' dir='ltr'><strong>magnitudo</strong></span> <span class='ocrx_word' id='word_1_23' title='bbox 1196 604 1227 660; x_wconf 84' lang='lat' dir='ltr'>et</span> 
     </span>
     <span class='ocr_line' id='line_1_4' title="bbox 160 698 1226 800; baseline -0.001 -26"><span class='ocrx_word' id='word_1_24' title='bbox 160 731 180 765; x_wconf 73' lang='lat'>&gt;³</span> <span class='ocrx_word' id='word_1_25' title='bbox 201 726 339 775; x_wconf 82' lang='lat' dir='ltr'>acumen</span> <span class='ocrx_word' id='word_1_26' title='bbox 359 699 476 800; x_wconf 81' lang='lat' dir='ltr'>judicii</span> <span class='ocrx_word' id='word_1_27' title='bbox 501 701 681 776; x_wconf 82' lang='lat' dir='ltr'>exercendo</span> <span class='ocrx_word' id='word_1_28' title='bbox 702 718 792 776; x_wconf 83' lang='lat' dir='ltr'>sunt.</span> <span class='ocrx_word' id='word_1_29' title='bbox 820 698 908 798; x_wconf 84' lang='lat' dir='ltr'>Quis</span> <span class='ocrx_word' id='word_1_30' title='bbox 933 698 1022 774; x_wconf 89' lang='lat' dir='ltr'>enim</span> <span class='ocrx_word' id='word_1_31' title='bbox 1045 698 1088 775; x_wconf 87' lang='lat' dir='ltr'>de</span> <span class='ocrx_word' id='word_1_32' title='bbox 1109 698 1226 773; x_wconf 76' lang='lat' dir='ltr'>Ouidio</span> 
     </span>
     <span class='ocr_line' id='line_1_5' title="bbox 159 816 1227 920; baseline 0.002 -29"><span class='ocrx_word' id='word_1_33' title='bbox 159 847 179 881; x_wconf 84' lang='lat'><strong>»</strong></span> <span class='ocrx_word' id='word_1_34' title='bbox 198 816 280 891; x_wconf 77' lang='lat' dir='ltr'>eutis</span> <span class='ocrx_word' id='word_1_35' title='bbox 296 816 396 914; x_wconf 79' lang='lat' dir='ltr'>digne</span> <span class='ocrx_word' id='word_1_36' title='bbox 413 817 520 893; x_wconf 82' lang='lat' dir='ltr'>dicere</span> <span class='ocrx_word' id='word_1_37' title='bbox 538 818 665 920; x_wconf 79' lang='lat' dir='ltr'><strong>possit,</strong></span> <span class='ocrx_word' id='word_1_38' title='bbox 682 817 806 892; x_wconf 90' lang='lat' dir='ltr'>nedum</span> <span class='ocrx_word' id='word_1_39' title='bbox 823 834 862 892; x_wconf 76' lang='lat' dir='ltr'>ul</span> <span class='ocrx_word' id='word_1_40' title='bbox 877 816 996 891; x_wconf 71' lang='lat' dir='ltr'>audeat</span> <span class='ocrx_word' id='word_1_41' title='bbox 1020 844 1098 892; x_wconf 92' lang='lat' dir='ltr'>eum</span> <span class='ocrx_word' id='word_1_42' title='bbox 1118 844 1227 920; x_wconf 87' lang='lat' dir='ltr'>repre·</span> 
     </span>
     <span class='ocr_line' id='line_1_6' title="bbox 161 931 1103 1022; baseline 0.003 -16"><span class='ocrx_word' id='word_1_43' title='bbox 161 963 180 997; x_wconf 69' lang='lat'>&gt;³</span> <span class='ocrx_word' id='word_1_44' title='bbox 199 931 364 1022; x_wconf 82' lang='lat' dir='ltr'>bendere,</span> <span class='ocrx_word' id='word_1_45' title='bbox 381 950 444 1007; x_wconf 82' lang='lat' dir='ltr'>etc.</span> <span class='ocrx_word' id='word_1_46' title='bbox 460 966 479 999; x_wconf 88' lang='lat'>»</span> <span class='ocrx_word' id='word_1_47' title='bbox 1100 1004 1103 1009; x_wconf 76' lang='grc'>,</span> 
     </span>
    </p>

    <p class='ocr_par' dir='ltr' id='par_1_3' title="bbox 160 1048 1229 1502">
     <span class='ocr_line' id='line_1_7' title="bbox 207 1048 1227 1150; baseline 0.006 -27"><span class='ocrx_word' id='word_1_48' title='bbox 207 1050 264 1126; x_wconf 85' lang='lat' dir='ltr'>Ex</span> <span class='ocrx_word' id='word_1_49' title='bbox 288 1051 441 1125; x_wconf 83' lang='lat' dir='ltr'>Josurm</span> <span class='ocrx_word' id='word_1_50' title='bbox 464 1048 658 1127; x_wconf 73' lang='lat' dir='ltr'>seimonu</span> <span class='ocrx_word' id='word_1_51' title='bbox 686 1049 914 1150; x_wconf 60' lang='lat' dir='ltr'>Pmlegomenis</span> <span class='ocrx_word' id='word_1_52' title='bbox 935 1049 1144 1138; x_wconf 76' lang='lat' dir='ltr'>Manib‘um‘s,</span> <span class='ocrx_word' id='word_1_53' title='bbox 1168 1071 1227 1129; x_wconf 81' lang='lat' dir='ltr'>eu.</span> 
     </span>
     <span class='ocr_line' id='line_1_8' title="bbox 160 1162 1229 1268; baseline 0.013 -37"><span class='ocrx_word' id='word_1_54' title='bbox 160 1195 179 1231; x_wconf 79' lang='lat' dir='ltr'>u</span> <span class='ocrx_word' id='word_1_55' title='bbox 193 1165 271 1238; x_wconf 92' lang='lat' dir='ltr'>Uno</span> <span class='ocrx_word' id='word_1_56' title='bbox 280 1164 422 1239; x_wconf 84' lang='lat' dir='ltr'>vincitur</span> <span class='ocrx_word' id='word_1_57' title='bbox 434 1165 606 1261; x_wconf 91' lang='lat' dir='ltr'>(nimirum</span> <span class='ocrx_word' id='word_1_58' title='bbox 615 1162 792 1264; x_wconf 85' lang='lat' dir='ltr'>Manilius)</span> <span class='ocrx_word' id='word_1_59' title='bbox 800 1166 968 1266; x_wconf 90' lang='lat' dir='ltr'>quodnon</span> <span class='ocrx_word' id='word_1_60' title='bbox 977 1182 1090 1268; x_wconf 75' lang='lat' dir='ltr'>potest</span> <span class='ocrx_word' id='word_1_61' title='bbox 1097 1194 1229 1245; x_wconf 85' lang='lat' dir='ltr'>manum</span> 
     </span>
     <span class='ocr_line' id='line_1_9' title="bbox 161 1280 1228 1384; baseline 0.003 -26"><span class='ocrx_word' id='word_1_62' title='bbox 161 1315 180 1348; x_wconf 82' lang='lat'>»</span> <span class='ocrx_word' id='word_1_63' title='bbox 200 1280 315 1358; x_wconf 76' lang='lat' dir='ltr'>tollere</span> <span class='ocrx_word' id='word_1_64' title='bbox 332 1281 372 1357; x_wconf 94' lang='lat' dir='ltr'>de</span> <span class='ocrx_word' id='word_1_65' title='bbox 390 1280 522 1371; x_wconf 79' lang='lat' dir='ltr'>tabula,</span> <span class='ocrx_word' id='word_1_66' title='bbox 541 1300 574 1356; x_wconf 83' lang='lat' dir='ltr'>et</span> <span class='ocrx_word' id='word_1_67' title='bbox 593 1281 708 1384; x_wconf 91' lang='lat' dir='ltr'>(quod</span> <span class='ocrx_word' id='word_1_68' title='bbox 722 1299 790 1356; x_wconf 82' lang='lat' dir='ltr'>tum</span> <span class='ocrx_word' id='word_1_69' title='bbox 804 1280 912 1370; x_wconf 77' lang='lat' dir='ltr'>fuleo,</span> <span class='ocrx_word' id='word_1_70' title='bbox 929 1310 1028 1383; x_wconf 87' lang='lat' dir='ltr'>quam</span> <span class='ocrx_word' id='word_1_71' title='bbox 1044 1282 1228 1375; x_wconf 83' lang='lat' dir='ltr'>immerito,</span> 
     </span>
     <span class='ocr_line' id='line_1_10' title="bbox 162 1392 1195 1502; baseline -0.004 -26"><span class='ocrx_word' id='word_1_72' title='bbox 162 1434 180 1467; x_wconf 88' lang='lat'>»</span> <span class='ocrx_word' id='word_1_73' title='bbox 200 1400 324 1476; x_wconf 76' lang='lat' dir='ltr'>Ouidio</span> <span class='ocrx_word' id='word_1_74' title='bbox 342 1401 509 1501; x_wconf 74' lang='lat' dir='ltr'>objectum</span> <span class='ocrx_word' id='word_1_75' title='bbox 525 1397 628 1498; x_wconf 93' lang='lat' dir='ltr'>olim)</span> <span class='ocrx_word' id='word_1_76' title='bbox 647 1392 819 1502; x_wconf 74' lang='lat' dir='ltr'>nunquam</span> <span class='ocrx_word' id='word_1_77' title='bbox 831 1400 895 1475; x_wconf 85' lang='lat' dir='ltr'>scit</span> <span class='ocrx_word' id='word_1_78' title='bbox 911 1399 1080 1490; x_wconf 79' lang='lat' dir='ltr'>desinere,</span> <span class='ocrx_word' id='word_1_79' title='bbox 1095 1420 1160 1479; x_wconf 84' lang='lat' dir='ltr'>etc.</span> <span class='ocrx_word' id='word_1_80' title='bbox 1177 1438 1195 1472; x_wconf 67' lang='lat' dir='ltr'>n</span> 
     </span>
    </p>

    <p class='ocr_par' dir='ltr' id='par_1_4' title="bbox 161 1515 1226 1858">
     <span class='ocr_line' id='line_1_11' title="bbox 207 1515 1226 1596; baseline 0.006 -6"><span class='ocrx_word' id='word_1_81' title='bbox 207 1518 363 1593; x_wconf 85' lang='lat' dir='ltr'>Ibidem:</span> <span class='ocrx_word' id='word_1_82' title='bbox 390 1551 408 1584; x_wconf 74' lang='grc' dir='ltr'>«ι</span> <span class='ocrx_word' id='word_1_83' title='bbox 432 1519 508 1592; x_wconf 86' lang='lat' dir='ltr'>lloc</span> <span class='ocrx_word' id='word_1_84' title='bbox 523 1534 561 1591; x_wconf 84' lang='lat' dir='ltr'>ut</span> <span class='ocrx_word' id='word_1_85' title='bbox 582 1544 652 1590; x_wconf 92' lang='lat' dir='ltr'>non</span> <span class='ocrx_word' id='word_1_86' title='bbox 674 1515 839 1592; x_wconf 85' lang='lat' dir='ltr'>mediocre</span> <span class='ocrx_word' id='word_1_87' title='bbox 855 1516 972 1593; x_wconf 82' lang='lat' dir='ltr'>vitium</span> <span class='ocrx_word' id='word_1_88' title='bbox 990 1536 1043 1594; x_wconf 76' lang='lat' dir='ltr'>est</span> <span class='ocrx_word' id='word_1_89' title='bbox 1063 1518 1101 1594; x_wconf 93' lang='lat' dir='ltr'>in</span> <span class='ocrx_word' id='word_1_90' title='bbox 1121 1519 1226 1596; x_wconf 77' lang='lat' dir='ltr'>nitido</span> 
     </span>
     <span class='ocr_line' id='line_1_12' title="bbox 162 1632 1225 1738; baseline 0.002 -27"><span class='ocrx_word' id='word_1_91' title='bbox 162 1667 180 1700; x_wconf 60' lang='grc' dir='ltr'>ι)</span> <span class='ocrx_word' id='word_1_92' title='bbox 200 1636 382 1736; x_wconf 81' lang='lat' dir='ltr'>scriptore,</span> <span class='ocrx_word' id='word_1_93' title='bbox 403 1634 450 1708; x_wconf 82' lang='lat' dir='ltr'>ite</span> <span class='ocrx_word' id='word_1_94' title='bbox 467 1632 543 1738; x_wconf 87' lang='lat' dir='ltr'>puri</span> <span class='ocrx_word' id='word_1_95' title='bbox 559 1650 639 1708; x_wconf 80' lang='lat' dir='ltr'>sunt</span> <span class='ocrx_word' id='word_1_96' title='bbox 659 1634 703 1708; x_wconf 84' lang='lat' dir='ltr'>ab</span> <span class='ocrx_word' id='word_1_97' title='bbox 728 1633 790 1708; x_wconf 84' lang='lat' dir='ltr'>huc</span> <span class='ocrx_word' id='word_1_98' title='bbox 806 1632 882 1709; x_wconf 81' lang='lat' dir='ltr'>labe</span> <span class='ocrx_word' id='word_1_99' title='bbox 897 1634 1020 1734; x_wconf 80' lang='lat' dir='ltr'>(nimie</span> <span class='ocrx_word' id='word_1_100' title='bbox 1040 1637 1225 1713; x_wconf 74' lang='lat' dir='ltr'>eorumden</span> 
     </span>
     <span class='ocr_line' id='line_1_13' title="bbox 161 1752 1221 1858; baseline 0.003 -31"><span class='ocrx_word' id='word_1_101' title='bbox 161 1786 181 1820; x_wconf 80' lang='lat' dir='ltr'>u</span> <span class='ocrx_word' id='word_1_102' title='bbox 199 1752 687 1857; x_wconf 79' lang='lat' dir='ltr'>rocumiterutione)principeu</span> <span class='ocrx_word' id='word_1_103' title='bbox 693 1771 812 1858; x_wconf 74' lang='lat' dir='ltr'>poete,</span> <span class='ocrx_word' id='word_1_104' title='bbox 822 1753 1028 1851; x_wconf 57' lang='lat' dir='ltr'>Virgiliueet</span> <span class='ocrx_word' id='word_1_105' title='bbox 1041 1753 1190 1830; x_wconf 76' lang='lat' dir='ltr'>Ovidius.</span> <span class='ocrx_word' id='word_1_106' title='bbox 1203 1789 1221 1821; x_wconf 73' lang='lat' dir='ltr'>u</span> 
     </span>
    </p>

    <p class='ocr_par' dir='ltr' id='par_1_5' title="bbox 163 1864 1224 2302">
     <span class='ocr_line' id='line_1_14' title="bbox 208 1864 1224 1970; baseline 0.002 -28"><span class='ocrx_word' id='word_1_107' title='bbox 208 1868 324 1956; x_wconf 70' lang='lat' dir='ltr'>lm,</span> <span class='ocrx_word' id='word_1_108' title='bbox 336 1865 440 1942; x_wconf 90' lang='lat' dir='ltr'>inlib.</span> <span class='ocrx_word' id='word_1_109' title='bbox 455 1867 670 1954; x_wconf 78' lang='lat' dir='ltr'>lllPoeu&#39;oes,</span> <span class='ocrx_word' id='word_1_110' title='bbox 687 1895 763 1970; x_wconf 53' lang='lat' dir='ltr'>pao</span> <span class='ocrx_word' id='word_1_111' title='bbox 779 1864 847 1941; x_wconf 75' lang='lat'>261</span> <span class='ocrx_word' id='word_1_112' title='bbox 866 1898 906 1941; x_wconf 78' lang='lat' dir='ltr'>:u</span> <span class='ocrx_word' id='word_1_113' title='bbox 921 1870 963 1943; x_wconf 92' lang='lat' dir='ltr'>ln</span> <span class='ocrx_word' id='word_1_114' title='bbox 976 1867 1130 1945; x_wconf 77' lang='lat' dir='ltr'>omnibus</span> <span class='ocrx_word' id='word_1_115' title='bbox 1139 1867 1224 1947; x_wconf 91' lang='lat' dir='ltr'>illud</span> 
     </span>
     <span class='ocr_line' id='line_1_15' title="bbox 163 1979 1223 2088; baseline 0.007 -34"><span class='ocrx_word' id='word_1_116' title='bbox 163 2014 182 2047; x_wconf 87' lang='lat'>»</span> <span class='ocrx_word' id='word_1_117' title='bbox 199 1979 236 2054; x_wconf 87' lang='lat' dir='ltr'>in</span> <span class='ocrx_word' id='word_1_118' title='bbox 252 1979 368 2083; x_wconf 79' lang='lat' dir='ltr'>primic</span> <span class='ocrx_word' id='word_1_119' title='bbox 384 1982 564 2060; x_wconf 79' lang='lat' dir='ltr'>cavendum</span> <span class='ocrx_word' id='word_1_120' title='bbox 577 2001 646 2074; x_wconf 76' lang='lat' dir='ltr'>est,</span> <span class='ocrx_word' id='word_1_121' title='bbox 663 2009 706 2057; x_wconf 92' lang='lat' dir='ltr'>ne</span> <span class='ocrx_word' id='word_1_122' title='bbox 720 1983 832 2088; x_wconf 80' lang='lat' dir='ltr'>inepte</span> <span class='ocrx_word' id='word_1_123' title='bbox 848 1983 1027 2073; x_wconf 80' lang='lat' dir='ltr'>diecurrue,</span> <span class='ocrx_word' id='word_1_124' title='bbox 1040 1983 1107 2061; x_wconf 78' lang='lat' dir='ltr'>nini</span> <span class='ocrx_word' id='word_1_125' title='bbox 1119 1982 1223 2061; x_wconf 71' lang='lat' dir='ltr'>libro</span> 
     </span>
     <span class='ocr_line' id='line_1_16' title="bbox 163 2097 1222 2201; baseline 0.006 -29"><span class='ocrx_word' id='word_1_126' title='bbox 163 2129 181 2162; x_wconf 80' lang='lat' dir='ltr'>u</span> <span class='ocrx_word' id='word_1_127' title='bbox 200 2124 380 2200; x_wconf 79' lang='lat' dir='ltr'>componas</span> <span class='ocrx_word' id='word_1_128' title='bbox 396 2125 468 2175; x_wconf 82' lang='lat' dir='ltr'>eam</span> <span class='ocrx_word' id='word_1_129' title='bbox 484 2098 610 2173; x_wconf 76' lang='lat' dir='ltr'>adrem</span> <span class='ocrx_word' id='word_1_130' title='bbox 628 2097 833 2173; x_wconf 75' lang='lat' dir='ltr'>destinatos:</span> <span class='ocrx_word' id='word_1_131' title='bbox 849 2098 1131 2201; x_wconf 84' lang='lat' dir='ltr'>quemadmodum</span> <span class='ocrx_word' id='word_1_132' title='bbox 1142 2097 1222 2178; x_wconf 74' lang='lat' dir='ltr'>,on-</span> 
     </span>
     <span class='ocr_line' id='line_1_17' title="bbox 164 2208 1175 2302; baseline 0.005 -17"><span class='ocrx_word' id='word_1_133' title='bbox 164 2242 182 2277; x_wconf 66' lang='grc' dir='ltr'>»ι</span> <span class='ocrx_word' id='word_1_134' title='bbox 203 2208 279 2286; x_wconf 81' lang='lat' dir='ltr'>diue</span> <span class='ocrx_word' id='word_1_135' title='bbox 294 2210 375 2287; x_wconf 88' lang='lat' dir='ltr'>secit</span> <span class='ocrx_word' id='word_1_136' title='bbox 389 2212 426 2286; x_wconf 94' lang='lat' dir='ltr'>in</span> <span class='ocrx_word' id='word_1_137' title='bbox 440 2208 538 2287; x_wconf 78' lang='lat' dir='ltr'>libris</span> <span class='ocrx_word' id='word_1_138' title='bbox 550 2210 906 2302; x_wconf 77' lang='lat' dir='ltr'>Transformatiouum,</span> <span class='ocrx_word' id='word_1_139' title='bbox 924 2230 959 2288; x_wconf 76' lang='lat' dir='ltr'>el</span> <span class='ocrx_word' id='word_1_140' title='bbox 972 2215 1137 2290; x_wconf 72' lang='lat' dir='ltr'>Lucanus.</span> <span class='ocrx_word' id='word_1_141' title='bbox 1157 2246 1175 2280; x_wconf 69' lang='lat' dir='ltr'>n</span> 
     </span>
    </p>

    <p class='ocr_par' dir='ltr' id='par_1_6' title="bbox 165 2328 1217 2536">
     <span class='ocr_line' id='line_1_18' title="bbox 210 2328 1217 2433; baseline 0.004 -32"><span class='ocrx_word' id='word_1_142' title='bbox 210 2330 421 2420; x_wconf 73' lang='lat' dir='ltr'>Vlcroluws,</span> <span class='ocrx_word' id='word_1_143' title='bbox 429 2328 489 2406; x_wconf 87' lang='lat' dir='ltr'>lib.</span> <span class='ocrx_word' id='word_1_144' title='bbox 500 2332 568 2404; x_wconf 90' lang='lat' dir='ltr'>Xll</span> <span class='ocrx_word' id='word_1_145' title='bbox 582 2329 626 2404; x_wconf 86' lang='lat' dir='ltr'><em>V</em></span> <span class='ocrx_word' id='word_1_146' title='bbox 619 2357 664 2404; x_wconf 83' lang='lat' dir='ltr'>ur.</span> <span class='ocrx_word' id='word_1_147' title='bbox 675 2358 747 2433; x_wconf 84' lang='lat' dir='ltr'>cup.</span> <span class='ocrx_word' id='word_1_148' title='bbox 763 2329 806 2404; x_wconf 89' lang='lat'>5:</span> <span class='ocrx_word' id='word_1_149' title='bbox 823 2366 842 2398; x_wconf 78' lang='grc' dir='ltr'>«ι</span> <span class='ocrx_word' id='word_1_150' title='bbox 857 2332 1017 2423; x_wconf 73' lang='lat' dir='ltr'>Ovidius,</span> <span class='ocrx_word' id='word_1_151' title='bbox 1027 2352 1067 2410; x_wconf 85' lang='lat' dir='ltr'>ut</span> <span class='ocrx_word' id='word_1_152' title='bbox 1079 2330 1217 2410; x_wconf 77' lang='lat' dir='ltr'>oratione</span> 
     </span>
     <span class='ocr_line' id='line_1_19' title="bbox 165 2445 1024 2536; baseline -0.002 -16"><span class='ocrx_word' id='word_1_153' title='bbox 165 2476 183 2512; x_wconf 79' lang='lat' dir='ltr'>u</span> <span class='ocrx_word' id='word_1_154' title='bbox 203 2474 240 2522; x_wconf 83' lang='lat' dir='ltr'>uc</span> <span class='ocrx_word' id='word_1_155' title='bbox 256 2445 408 2523; x_wconf 74' lang='lat' dir='ltr'>versibus</span> <span class='ocrx_word' id='word_1_156' title='bbox 420 2501 430 2536; x_wconf 91' lang='lat'>,</span> <span class='ocrx_word' id='word_1_157' title='bbox 444 2445 492 2520; x_wconf 81' lang='lat' dir='ltr'>ite</span> <span class='ocrx_word' id='word_1_158' title='bbox 505 2445 573 2522; x_wconf 76' lang='lat' dir='ltr'>ritu</span> <span class='ocrx_word' id='word_1_159' title='bbox 590 2463 624 2522; x_wconf 85' lang='lat' dir='ltr'>et</span> <span class='ocrx_word' id='word_1_160' title='bbox 636 2446 788 2523; x_wconf 81' lang='lat' dir='ltr'>moribus</span> <span class='ocrx_word' id='word_1_161' title='bbox 806 2466 989 2525; x_wconf 79' lang='lat' dir='ltr'>enervatus.</span> <span class='ocrx_word' id='word_1_162' title='bbox 1006 2484 1024 2518; x_wconf 64' lang='lat' dir='ltr'>n</span> 
     </span>
    </p>
   </div>
   <div class='ocr_carea' id='block_1_3' title="bbox 555 2619 916 2655">
    <p class='ocr_par' dir='ltr' id='par_1_7' title="bbox 555 2619 916 2655">
     <span class='ocr_line' id='line_1_20' title="bbox 555 2619 916 2655; baseline 0.003 -11"><span class='ocrx_word' id='word_1_163' title='bbox 555 2619 838 2645; x_wconf 61' lang='lat' dir='ltr'>mm</span> <span class='ocrx_word' id='word_1_164' title='bbox 911 2646 916 2655; x_wconf 46' lang='grc' dir='ltr'>Ι</span> 
     </span>
    </p>
   </div>
   <div class='ocr_carea' id='block_1_4' title="bbox 242 2816 1152 2907">
    <p class='ocr_par' dir='ltr' id='par_1_8' title="bbox 242 2816 1152 2907">
     <span class='ocr_line' id='line_1_21' title="bbox 242 2816 1152 2907; baseline 0.02 -17"><span class='ocrx_word' id='word_1_165' title='bbox 242 2816 596 2895; x_wconf 76' lang='grc' dir='ltr'>ΕΟΜΡΑΒΑΤΙΟ</span> <span class='ocrx_word' id='word_1_166' title='bbox 620 2819 837 2895; x_wconf 86' lang='lat' dir='ltr'>TlBULLl</span> <span class='ocrx_word' id='word_1_167' title='bbox 860 2822 925 2896; x_wconf 86' lang='lat' dir='ltr'>ET</span> <span class='ocrx_word' id='word_1_168' title='bbox 950 2822 1152 2907; x_wconf 79' lang='lat' dir='ltr'>ovlull.</span> 
     </span>
    </p>
   </div>
   <div class='ocr_carea' id='block_1_5' title="bbox 501 3014 885 3056">
    <p class='ocr_par' dir='ltr' id='par_1_9' title="bbox 501 3014 885 3056">
     <span class='ocr_line' id='line_1_22' title="bbox 501 3014 885 3056; baseline 0.005 -2"><span class='ocrx_word' id='word_1_169' title='bbox 501 3014 536 3054; x_wconf 75' lang='lat' dir='ltr'>lx</span> <span class='ocrx_word' id='word_1_170' title='bbox 551 3015 708 3056; x_wconf 66' lang='lat' dir='ltr'>ssfflffl&#39;l!</span> <span class='ocrx_word' id='word_1_171' title='bbox 720 3015 885 3056; x_wconf 66' lang='lat' dir='ltr'>UBTOBICAE</span> 
     </span>
    </p>
   </div>
   <div class='ocr_carea' id='block_1_6' title="bbox 383 3171 994 3242">
    <p class='ocr_par' dir='ltr' id='par_1_10' title="bbox 383 3171 994 3242">
     <span class='ocr_line' id='line_1_23' title="bbox 383 3171 994 3242; baseline 0.003 -5"><span class='ocrx_word' id='word_1_172' title='bbox 383 3171 648 3240; x_wconf 83' lang='lat' dir='ltr'>JOACHIMI</span> <span class='ocrx_word' id='word_1_173' title='bbox 677 3173 994 3242; x_wconf 85' lang='lat' dir='ltr'><strong>CAMERARII.</strong></span> 
     </span>
    </p>
   </div>
   <div class='ocr_carea' id='block_1_7' title="bbox 154 3356 1222 4162">
    <p class='ocr_par' dir='ltr' id='par_1_11' title="bbox 154 3356 1222 4162">
     <span class='ocr_line' id='line_1_24' title="bbox 207 3356 1220 3455; baseline 0.005 -26"><span class='ocrx_word' id='word_1_174' title='bbox 207 3356 378 3433; x_wconf 75' lang='lat' dir='ltr'>chluus</span> <span class='ocrx_word' id='word_1_175' title='bbox 400 3378 433 3436; x_wconf 77' lang='lat' dir='ltr'>et</span> <span class='ocrx_word' id='word_1_176' title='bbox 456 3361 496 3438; x_wconf 89' lang='lat' dir='ltr'>de</span> <span class='ocrx_word' id='word_1_177' title='bbox 523 3359 683 3437; x_wconf 88' lang='lat' dir='ltr'>leviorum</span> <span class='ocrx_word' id='word_1_178' title='bbox 706 3363 828 3439; x_wconf 82' lang='lat' dir='ltr'>artium</span> <span class='ocrx_word' id='word_1_179' title='bbox 852 3364 988 3455; x_wconf 74' lang='lat' dir='ltr'>studio,</span> <span class='ocrx_word' id='word_1_180' title='bbox 1012 3379 1051 3439; x_wconf 82' lang='lat' dir='ltr'>ut</span> <span class='ocrx_word' id='word_1_181' title='bbox 1068 3360 1220 3437; x_wconf 88' lang='lat' dir='ltr'>Ciceroni</span> 
     </span>
     <span class='ocr_line' id='line_1_25' title="bbox 158 3468 1221 3579; baseline 0.007 -35"><span class='ocrx_word' id='word_1_182' title='bbox 158 3468 290 3574; x_wconf 83' lang='lat' dir='ltr'>placet,</span> <span class='ocrx_word' id='word_1_183' title='bbox 308 3488 342 3547; x_wconf 83' lang='lat' dir='ltr'>et</span> <span class='ocrx_word' id='word_1_184' title='bbox 367 3499 406 3547; x_wconf 83' lang='lat' dir='ltr'>ex</span> <span class='ocrx_word' id='word_1_185' title='bbox 430 3473 490 3549; x_wconf 90' lang='lat' dir='ltr'>illo</span> <span class='ocrx_word' id='word_1_186' title='bbox 515 3474 648 3551; x_wconf 76' lang='lat' dir='ltr'>nobiles</span> <span class='ocrx_word' id='word_1_187' title='bbox 673 3495 789 3579; x_wconf 81' lang='lat' dir='ltr'>poetas</span> <span class='ocrx_word' id='word_1_188' title='bbox 805 3478 889 3553; x_wconf 85' lang='lat' dir='ltr'>duos</span> <span class='ocrx_word' id='word_1_189' title='bbox 904 3477 1006 3553; x_wconf 77' lang='lat' dir='ltr'>veluti</span> <span class='ocrx_word' id='word_1_190' title='bbox 1021 3476 1057 3550; x_wconf 93' lang='lat' dir='ltr'>in</span> <span class='ocrx_word' id='word_1_191' title='bbox 1078 3475 1221 3551; x_wconf 90' lang='lat' dir='ltr'>medium</span> 
     </span>
     <span class='ocr_line' id='line_1_26' title="bbox 158 3586 1222 3697; baseline 0.004 -36"><span class='ocrx_word' id='word_1_192' title='bbox 158 3586 400 3689; x_wconf 80' lang='lat' dir='ltr'>producamus,</span> <span class='ocrx_word' id='word_1_193' title='bbox 421 3590 594 3668; x_wconf 87' lang='lat' dir='ltr'><strong>Tibullum</strong></span> <span class='ocrx_word' id='word_1_194' title='bbox 617 3608 717 3695; x_wconf 77' lang='lat' dir='ltr'>utque</span> <span class='ocrx_word' id='word_1_195' title='bbox 744 3593 913 3670; x_wconf 85' lang='lat' dir='ltr'>Ovidium.</span> <span class='ocrx_word' id='word_1_196' title='bbox 933 3598 1124 3697; x_wconf 85' lang='lat' dir='ltr'>Utrumque</span> <span class='ocrx_word' id='word_1_197' title='bbox 1145 3590 1222 3668; x_wconf 94' lang='lat' dir='ltr'>mol-</span> 
     </span>
     <span class='ocr_line' id='line_1_27' title="bbox 158 3701 1221 3814; baseline 0.012 -38"><span class='ocrx_word' id='word_1_198' title='bbox 158 3701 243 3792; x_wconf 88' lang='lat' dir='ltr'>lem,</span> <span class='ocrx_word' id='word_1_199' title='bbox 257 3733 294 3779; x_wconf 86' lang='lat' dir='ltr'>ae</span> <span class='ocrx_word' id='word_1_200' title='bbox 308 3722 474 3797; x_wconf 74' lang='lat' dir='ltr'>tenerum,</span> <span class='ocrx_word' id='word_1_201' title='bbox 488 3725 522 3783; x_wconf 78' lang='lat' dir='ltr'>el</span> <span class='ocrx_word' id='word_1_202' title='bbox 531 3707 660 3785; x_wconf 79' lang='lat' dir='ltr'>facilem</span> <span class='ocrx_word' id='word_1_203' title='bbox 674 3739 682 3786; x_wconf 75' lang='grc' dir='ltr'><strong><em>ε</em></strong></span> <span class='ocrx_word' id='word_1_204' title='bbox 696 3711 753 3814; x_wconf 90' lang='lat' dir='ltr'>qui</span> <span class='ocrx_word' id='word_1_205' title='bbox 767 3711 866 3786; x_wconf 86' lang='lat' dir='ltr'>ambo</span> <span class='ocrx_word' id='word_1_206' title='bbox 880 3729 913 3786; x_wconf 83' lang='lat' dir='ltr'>et</span> <span class='ocrx_word' id='word_1_207' title='bbox 926 3742 1056 3789; x_wconf 82' lang='lat' dir='ltr'>amores</span> <span class='ocrx_word' id='word_1_208' title='bbox 1065 3713 1221 3799; x_wconf 87' lang='lat' dir='ltr'>cecinere,</span> 
     </span>
     <span class='ocr_line' id='line_1_28' title="bbox 155 3822 1222 3931; baseline 0.011 -37"><span class='ocrx_word' id='word_1_209' title='bbox 155 3838 190 3894; x_wconf 79' lang='lat' dir='ltr'>et</span> <span class='ocrx_word' id='word_1_210' title='bbox 202 3822 372 3899; x_wconf 84' lang='lat' dir='ltr'>versiculis</span> <span class='ocrx_word' id='word_1_211' title='bbox 383 3823 462 3901; x_wconf 81' lang='lat' dir='ltr'>illoc</span> <span class='ocrx_word' id='word_1_212' title='bbox 476 3824 658 3919; x_wconf 85' lang='lat' dir='ltr'>inclusere,</span> <span class='ocrx_word' id='word_1_213' title='bbox 678 3829 772 3931; x_wconf 82' lang='lat' dir='ltr'>quusi</span> <span class='ocrx_word' id='word_1_214' title='bbox 788 3831 917 3905; x_wconf 83' lang='lat' dir='ltr'>remissi</span> <span class='ocrx_word' id='word_1_215' title='bbox 935 3850 968 3907; x_wconf 84' lang='lat' dir='ltr'>et</span> <span class='ocrx_word' id='word_1_216' title='bbox 983 3831 1159 3909; x_wconf 85' lang='lat' dir='ltr'>solutioris</span> <span class='ocrx_word' id='word_1_217' title='bbox 1172 3861 1222 3906; x_wconf 92' lang='lat' dir='ltr'>cu·</span> 
     </span>
     <span class='ocr_line' id='line_1_29' title="bbox 154 3936 1221 4043; baseline 0.013 -33"><span class='ocrx_word' id='word_1_218' title='bbox 154 3936 285 4036; x_wconf 81' lang='lat' dir='ltr'>jusdam</span> <span class='ocrx_word' id='word_1_219' title='bbox 300 3940 414 4030; x_wconf 88' lang='lat' dir='ltr'>modi,</span> <span class='ocrx_word' id='word_1_220' title='bbox 434 3970 518 4043; x_wconf 84' lang='lat' dir='ltr'>quos</span> <span class='ocrx_word' id='word_1_221' title='bbox 537 3943 699 4042; x_wconf 71' lang='lat' dir='ltr'>elegiacos</span> <span class='ocrx_word' id='word_1_222' title='bbox 714 3963 841 4021; x_wconf 86' lang='lat' dir='ltr'>vocant.</span> <span class='ocrx_word' id='word_1_223' title='bbox 858 3948 912 4024; x_wconf 88' lang='lat' dir='ltr'>De</span> <span class='ocrx_word' id='word_1_224' title='bbox 926 3946 979 4022; x_wconf 83' lang='lat' dir='ltr'>his</span> <span class='ocrx_word' id='word_1_225' title='bbox 1000 3948 1089 4024; x_wconf 74' lang='lat' dir='ltr'>inter</span> <span class='ocrx_word' id='word_1_226' title='bbox 1103 3967 1221 4024; x_wconf 77' lang='lat' dir='ltr'>veteres</span> 
     </span>
     <span class='ocr_line' id='line_1_30' title="bbox 157 4054 1221 4162; baseline 0.021 -39"><span class='ocrx_word' id='word_1_227' title='bbox 157 4054 326 4130; x_wconf 73' lang='lat' dir='ltr'>contentio</span> <span class='ocrx_word' id='word_1_228' title='bbox 336 4055 421 4148; x_wconf 89' lang='lat' dir='ltr'>fuit,-</span> <span class='ocrx_word' id='word_1_229' title='bbox 433 4057 613 4137; x_wconf 80' lang='lat' dir='ltr'>uteralteri</span> <span class='ocrx_word' id='word_1_230' title='bbox 625 4058 846 4162; x_wconf 72' lang='lat' dir='ltr'>preferendus</span> <span class='ocrx_word' id='word_1_231' title='bbox 853 4062 1029 4138; x_wconf 74' lang='lat' dir='ltr'>rideretur.</span> <span class='ocrx_word' id='word_1_232' title='bbox 1045 4065 1122 4162; x_wconf 81' lang='lat' dir='ltr'>Ego</span> <span class='ocrx_word' id='word_1_233' title='bbox 1132 4089 1221 4145; x_wconf 70' lang='lat' dir='ltr'>vero,</span> 
     </span>
    </p>
   </div>
   <div class='ocr_carea' id='block_1_8' title="bbox 0 0 1388 4694">
    <p class='ocr_par' dir='ltr' id='par_1_12' title="bbox 0 0 1388 4694">
     <span class='ocr_line' id='line_1_31' title="bbox 0 0 1388 4694; baseline 0 1"><span class='ocrx_word' id='word_1_234' title='bbox 0 0 1388 4694; x_wconf 95' lang='lat' dir='ltr'> </span> 
     </span>
    </p>
   </div>
  </div>
 </body>
</html>
