2768 4694
803 62 820 93 q.

172 336 233 420 144
482 338 519 403 n.
549 337 725 406 0v1n11
749 320 880 408 iuna

52 568 54 575 y
165 474 287 577 prodit,
300 469 471 581 Venirmet
481 475 616 551 Tuccam
630 493 745 579 poetas
759 474 904 551 illustres
912 475 1031 566 fuisse,
1042 479 1228 578 quiAEnee-

167 586 240 666 dum
251 606 360 691 postes
375 590 468 664 libros
485 593 682 666 emendarunt
695 594 752 667 sub
771 621 809 666 eu
823 592 903 693 que,
924 607 959 666 ut
977 591 1058 666 nihil
1069 596 1225 674 adderent.

74 792 78 802 ι
166 705 262 780 Unde
276 704 327 781 fes
343 703 515 800 colligere,
533 707 693 780 AEneidos
711 734 839 779 carmen
855 704 945 779 haud
965 724 1041 781 ante
1054 708 1147 785 bunc
1168 741 1228 787 an·

164 847 243 896 num
253 819 432 907 emendari,
442 847 502 893 nee
512 820 650 921 proinde
659 821 695 894 in
703 819 809 895 lucem
818 822 949 922 prodire
959 823 1122 922 potuisse.
1136 826 1227 923 Qua·

166 953 303 1037 propter
312 961 417 1035 neque
429 935 525 1009 eitius
535 964 572 1009 ea
582 936 726 1009 Nasonis
737 935 851 1031 Elegia
860 936 958 1010 suerit
968 955 1113 1027 exarata,
1125 969 1227 1041 quum

163 1052 269 1126 adbuc
287 1069 363 1126 etas
380 1069 485 1155 poetae
501 1069 633 1127 strenua
652 1052 756 1140 soret,
774 1082 856 1126 vers.
873 1053 895 1125 3
910 1083 918 1125 ε

328 1201 389 1253 Non
403 1218 444 1252 me
456 1218 529 1253 more
544 1210 663 1269 petrum,
679 1200 742 1253 dum
753 1213 854 1254 strenue
864 1200 975 1254 sustinet
985 1210 1063 1263 etas.

362 1291 474 1344 Proemia
488 1291 585 1343 militiae
596 1290 774 1360 pulverulenta
785 1292 857 1360 sequi
868 1290 881 1344 ?
951 1334 959 1356 ,

213 1412 256 1486 ll.
277 1407 378 1503 Quod
395 1407 519 1480 ibidem
535 1435 613 1480 mox
628 1407 745 1495 babet,
764 1435 845 1481 vers.
866 1407 887 1478 5
906 1425 939 1482 et
955 1405 1000 1481 6:

325 1556 382 1608 Nee
393 1572 436 1606 me
448 1552 568 1607 verbosas
579 1558 647 1622 lqes
657 1558 767 1609 ediscere
776 1558 792 1610 Ρ
801 1575 851 1609 nee
862 1573 905 1608 nse

356 1643 463 1715 ingrato
475 1663 559 1697 vocem
570 1643 729 1712 prostituisse
741 1647 826 1700 Foro?

164 1766 261 1840 Ultro
277 1792 339 1838 nos
357 1761 447 1836 ducit
459 1761 499 1834 ad
514 1759 590 1834 illos
600 1761 654 1834 bic
667 1760 896 1850 revincendos,
916 1762 974 1861 qni
984 1762 1131 1836 arbitrati
1143 1781 1222 1837 sunt

164 1878 319 1954 Ovidium
338 1875 439 1948 finisse
459 1871 670 1959 Causidicmn,
692 1874 815 1974 quique
834 1872 884 1948 vel
901 1874 980 1946 binc
995 1873 1160 1949 manifesti
1173 1903 1221 1951 er·

163 1995 247 2066 roris
271 2009 462 2087 arguuntur.
490 1990 616 2060 Eorum
634 2014 748 2083 agmen
767 1986 858 2059 ducit
879 1986 1089 2063 doctissimus
1114 1990 1222 2065 Aldus

163 2108 339 2190 Maeotim,
358 2104 480 2178 claudis
495 2131 570 2175 vero
590 2102 701 2175 Petrus
717 2103 857 2188 Basse,
877 2102 987 2176 eodem
998 2101 1072 2178 loco
1083 2121 1220 2208 uterque

163 2224 322 2306 abutens,
339 2219 441 2293 Trist.
462 2217 520 2290 lib.
538 2220 591 2305 ll,
608 2243 688 2288 vers.
707 2214 776 2314 93:

321 2366 376 2419 Nee
388 2364 455 2417 maie
466 2365 601 2418 commissa
613 2372 651 2417 est
663 2361 736 2414 nobis
748 2360 854 2414 sorsum
866 2381 988 2429 reorum,

361 2456 451 2525 Usque
464 2459 472 2488 ¹
484 2459 567 2509 decem
577 2458 659 2507 decies
671 2452 829 2520 inspicienda
842 2459 919 2518 or'rr's;

162 2579 221 2654 ubi
238 2595 345 2652 tamen
362 2573 446 2648 clare
461 2576 550 2646 Naso
573 2568 752 2665 significat,
770 2598 803 2642 se
821 2598 858 2642 ex
877 2572 1083 2645 centumviris
1096 2575 1219 2672 judici·

158 2694 224 2769 bus
236 2692 351 2778 fuisse,
366 2685 641 2790 quemadmodum
658 2702 739 2758 etex
753 2685 883 2774 Ponto,
897 2684 954 2758 lib.
972 2689 1042 2777 lli,
1058 2690 1165 2790 Epist.
1183 2711 1217 2780 v,

159 2806 200 2878 ad
221 2807 375 2890 Cottam,
392 2829 473 2874 vers.
494 2824 532 2897 7,
551 2814 611 2868 etc.

321 2932 453 2996 Legimus,
465 2946 482 2979 o
493 2926 608 2996 juvenis,
621 2927 696 2994 patrii
707 2947 761 2980 non
773 2928 887 2996 degener
898 2929 966 2996 oris,

349 3021 430 3071 Dr’cta
440 3018 485 3071 sibi
501 3015 579 3085 pleno
589 3020 665 3069 verba
675 3016 770 3070 diserta
780 3021 843 3071 Foro
854 3029 903 3072 ese.

317 3110 354 3161 As
365 3106 413 3162 nisi
426 3124 613 3178 peccassem...

351 3197 433 3267 Quod
444 3196 509 3265 legi,
523 3208 567 3250 tus
578 3216 627 3250 vox
637 3197 791 3253 exhibuisset
802 3216 881 3268 opus:

318 3289 409 3357 thue
421 3286 461 3341 [ui
471 3288 577 3354 solitus,
595 3289 716 3343 sedissem
727 3287 834 3344 forsitan
845 3309 910 3343 unes

348 3378 390 3431 De
403 3378 587 3445 centumjudex
597 3377 625 3429 in
638 3388 682 3432 tua
695 3376 773 3430 verba
784 3382 855 3431 or'rei.

156 3527 195 3575 ex
211 3495 334 3597 quibus
349 3489 447 3566 simul
463 3489 591 3565 collatis
608 3489 680 3564 lune
701 3491 877 3567 meridiana
894 3470 1014 3569 elarius
1034 3514 1101 3586 est,
1127 3500 1211 3575 Ovi.

187 3648 198 3680 s
216 3644 293 3698 Hane
303 3659 394 3696 vocem
406 3631 526 3693 'frivolam
537 3638 586 3693 boc
598 3639 654 3693 loeo
665 3636 795 3708 judicabas
808 3638 851 3693 (ΣΙ.
864 3641 919 3697 Nie
933 3643 1072 3713 Heinsius,
1091 3648 1209 3721 adeoque

155 3727 270 3800 legebas,
286 3727 381 3792 lisque,
401 3722 487 3790 utqui
506 3732 625 3790 putaret,
642 3727 804 3776 contemnas
818 3728 906 3778 le'lr'bus
912 3728 1063 3792 judicandis
1074 3730 1209 3802 designari.

155 3809 294 3880 ingeniosa
312 3805 418 3875 quidem
429 3804 647 3866 esbemendatioe
666 3802 712 3857 sed
729 3807 872 3869 decemrr'rr',
890 3826 943 3861 non
964 3823 1051 3865 autem
1067 3821 1213 3868 centumuiri

155 3892 308 3946 dicebantur
318 3887 575 3953 litibusjude'candis‚·
589 3905 731 3956 omnesque
750 3887 850 3942 codices
867 3910 943 3960 usque
954 3893 1059 3962 ierunt,
1076 3898 1125 3951 nisi
1138 3897 1207 3966 quod

155 3973 209 4027 duo
217 3986 302 4043 arque,
316 3991 384 4026 unus
395 3976 485 4038 ur'xque
494 3969 614 4024 habeant.
632 3971 687 4025 Nec
701 3970 780 4024 etiam
795 3974 894 4029 rosilla
909 3997 986 4049 usque
996 3981 1077 4035 otiosa
1087 3981 1205 4046 viderur,

156 4074 239 4122 quum
255 4057 315 4110 satie
329 4067 387 4124 apte
403 4072 545 4108 numerum
561 4054 697 4110 antecedat
711 4067 860 4114 centenum
