<?xml version="1.0" encoding="UTF-8"?>
<!DOCTYPE html PUBLIC "-//W3C//DTD XHTML 1.0 Transitional//EN"
    "http://www.w3.org/TR/xhtml1/DTD/xhtml1-transitional.dtd">
<html xmlns="http://www.w3.org/1999/xhtml" xml:lang="en" lang="en">
 <head>
  <title>
</title>
<meta http-equiv="Content-Type" content="text/html;charset=utf-8" />
  <meta name='ocr-system' content='tesseract 3.04.00' />
  <meta name='ocr-capabilities' content='ocr_page ocr_carea ocr_par ocr_line ocrx_word'/>
</head>
<body>
  <div class='ocr_page' id='page_1' title='image "./publiiovidiinas02massgoog_0305.png"; bbox 0 0 2768 4694; ppageno 0'>
   <div class='ocr_carea' id='block_1_1' title="bbox 157 346 883 416">
    <p class='ocr_par' dir='ltr' id='par_1_1' title="bbox 157 346 883 416">
     <span class='ocr_line' id='line_1_1' title="bbox 157 346 883 416; baseline -0.006 0"><span class='ocrx_word' id='word_1_1' title='bbox 157 351 223 416; x_wconf 84' lang='lat'>300</span> <span class='ocrx_word' id='word_1_2' title='bbox 482 346 883 415; x_wconf 83' lang='lat' dir='ltr'><strong>DEDICATIONES</strong></span> 
     </span>
    </p>
   </div>
   <div class='ocr_carea' id='block_1_2' title="bbox 154 482 1225 954">
    <p class='ocr_par' dir='ltr' id='par_1_2' title="bbox 154 482 1222 590">
     <span class='ocr_line' id='line_1_2' title="bbox 154 482 1222 590; baseline -0.002 -29"><span class='ocrx_word' id='word_1_3' title='bbox 154 487 334 590; x_wconf 91' lang='lat' dir='ltr'>plurimum</span> <span class='ocrx_word' id='word_1_4' title='bbox 344 486 573 574; x_wconf 86' lang='lat' dir='ltr'>inserviendo,</span> <span class='ocrx_word' id='word_1_5' title='bbox 592 486 645 559; x_wconf 91' lang='lat' dir='ltr'>cui</span> <span class='ocrx_word' id='word_1_6' title='bbox 659 485 812 586; x_wconf 90' lang='lat' dir='ltr'>inprimis</span> <span class='ocrx_word' id='word_1_7' title='bbox 821 484 922 558; x_wconf 85' lang='lat' dir='ltr'>amica</span> <span class='ocrx_word' id='word_1_8' title='bbox 933 499 992 557; x_wconf 75' lang='lat' dir='ltr'>est</span> <span class='ocrx_word' id='word_1_9' title='bbox 1007 482 1113 580; x_wconf 82' lang='lat' dir='ltr'>Quod</span> <span class='ocrx_word' id='word_1_10' title='bbox 1124 513 1222 586; x_wconf 88' lang='lat' dir='ltr'>quum</span> 
     </span>
    </p>

    <p class='ocr_par' dir='ltr' id='par_1_3' title="bbox 158 598 1225 703">
     <span class='ocr_line' id='line_1_3' title="bbox 158 598 1225 703; baseline -0.003 -26"><span class='ocrx_word' id='word_1_11' title='bbox 158 600 310 677; x_wconf 86' lang='lat' dir='ltr'>similiter</span> <span class='ocrx_word' id='word_1_12' title='bbox 325 600 390 676; x_wconf 90' lang='lat' dir='ltr'>sibi</span> <span class='ocrx_word' id='word_1_13' title='bbox 405 629 598 702; x_wconf 88' lang='lat' dir='ltr'>persuasum</span> <span class='ocrx_word' id='word_1_14' title='bbox 615 601 754 677; x_wconf 88' lang='lat' dir='ltr'>haberet</span> <span class='ocrx_word' id='word_1_15' title='bbox 771 618 944 703; x_wconf 88' lang='lat' dir='ltr'>poetarum</span> <span class='ocrx_word' id='word_1_16' title='bbox 963 598 1225 701; x_wconf 88' lang='lat' dir='ltr'>sapientissimus</span> 
     </span>
    </p>

    <p class='ocr_par' dir='ltr' id='par_1_4' title="bbox 159 714 1222 954">
     <span class='ocr_line' id='line_1_4' title="bbox 159 714 1222 819; baseline -0.006 -26"><span class='ocrx_word' id='word_1_17' title='bbox 159 717 344 804; x_wconf 80' lang='lat' dir='ltr'>Horatius,</span> <span class='ocrx_word' id='word_1_18' title='bbox 362 716 448 789; x_wconf 86' lang='lat' dir='ltr'>hanc</span> <span class='ocrx_word' id='word_1_19' title='bbox 465 717 505 790; x_wconf 92' lang='lat' dir='ltr'>de</span> <span class='ocrx_word' id='word_1_20' title='bbox 522 718 781 819; x_wconf 75' lang='lat' dir='ltr'>preceptionum</span> <span class='ocrx_word' id='word_1_21' title='bbox 798 715 992 790; x_wconf 88' lang='lat' dir='ltr'>conditione</span> <span class='ocrx_word' id='word_1_22' title='bbox 1004 714 1112 812; x_wconf 89' lang='lat' dir='ltr'>legem</span> <span class='ocrx_word' id='word_1_23' title='bbox 1129 715 1222 791; x_wconf 90' lang='lat' dir='ltr'>tulit:</span> 
     </span>
     <span class='ocr_line' id='line_1_5' title="bbox 323 880 985 954; baseline -0.002 -18"><span class='ocrx_word' id='word_1_24' title='bbox 323 881 458 953; x_wconf 81' lang='lat' dir='ltr'><strong>Quicquid</strong></span> <span class='ocrx_word' id='word_1_25' title='bbox 470 883 620 954; x_wconf 69' lang='lat' dir='ltr'>praecipies,</span> <span class='ocrx_word' id='word_1_26' title='bbox 632 893 688 937; x_wconf 84' lang='lat' dir='ltr'>esto</span> <span class='ocrx_word' id='word_1_27' title='bbox 700 881 797 944; x_wconf 82' lang='lat' dir='ltr'>brevis,</span> <span class='ocrx_word' id='word_1_28' title='bbox 812 893 843 935; x_wconf 92' lang='lat' dir='ltr'>ut</span> <span class='ocrx_word' id='word_1_29' title='bbox 852 881 905 936; x_wconf 86' lang='lat' dir='ltr'>cito</span> <span class='ocrx_word' id='word_1_30' title='bbox 917 880 985 935; x_wconf 89' lang='lat' dir='ltr'>dicta</span> 
     </span>
    </p>
   </div>
   <div class='ocr_carea' id='block_1_3' title="bbox 321 968 980 1135">
    <p class='ocr_par' dir='ltr' id='par_1_5' title="bbox 321 968 980 1135">
     <span class='ocr_line' id='line_1_6' title="bbox 325 968 980 1043; baseline -0.006 -16"><span class='ocrx_word' id='word_1_31' title='bbox 325 973 477 1043; x_wconf 68' lang='lat' dir='ltr'>Percipient</span> <span class='ocrx_word' id='word_1_32' title='bbox 488 973 569 1027; x_wconf 88' lang='lat' dir='ltr'>animi</span> <span class='ocrx_word' id='word_1_33' title='bbox 583 973 691 1039; x_wconf 85' lang='lat' dir='ltr'>dociles,</span> <span class='ocrx_word' id='word_1_34' title='bbox 708 984 868 1042; x_wconf 74' lang='lat' dir='ltr'><strong>teneantque</strong></span> <span class='ocrx_word' id='word_1_35' title='bbox 881 968 980 1025; x_wconf 80' lang='lat' dir='ltr'>fideles.</span> 
     </span>
     <span class='ocr_line' id='line_1_7' title="bbox 321 1064 977 1135; baseline -0.002 -18"><span class='ocrx_word' id='word_1_36' title='bbox 321 1064 412 1118; x_wconf 87' lang='lat' dir='ltr'>Omne</span> <span class='ocrx_word' id='word_1_37' title='bbox 425 1084 614 1135; x_wconf 70' lang='lat' dir='ltr'>superuacuum</span> <span class='ocrx_word' id='word_1_38' title='bbox 627 1066 707 1135; x_wconf 88' lang='lat' dir='ltr'>pleno</span> <span class='ocrx_word' id='word_1_39' title='bbox 718 1064 751 1119; x_wconf 86' lang='lat' dir='ltr'>de</span> <span class='ocrx_word' id='word_1_40' title='bbox 763 1075 868 1135; x_wconf 88' lang='lat' dir='ltr'>pectore</span> <span class='ocrx_word' id='word_1_41' title='bbox 880 1074 977 1116; x_wconf 69' lang='lat' dir='ltr'>manat„</span> 
     </span>
    </p>
   </div>
   <div class='ocr_carea' id='block_1_4' title="bbox 156 1199 1233 4191">
    <p class='ocr_par' dir='ltr' id='par_1_6' title="bbox 156 1199 1233 4191">
     <span class='ocr_line' id='line_1_8' title="bbox 156 1199 1227 1305; baseline -0.004 -27"><span class='ocrx_word' id='word_1_42' title='bbox 156 1208 243 1278; x_wconf 88' lang='lat' dir='ltr'>Nota</span> <span class='ocrx_word' id='word_1_43' title='bbox 260 1221 309 1278; x_wconf 93' lang='lat' dir='ltr'>est</span> <span class='ocrx_word' id='word_1_44' title='bbox 317 1201 483 1305; x_wconf 87' lang='lat' dir='ltr'>plerisque</span> <span class='ocrx_word' id='word_1_45' title='bbox 495 1204 650 1277; x_wconf 89' lang='lat' dir='ltr'>omnibus</span> <span class='ocrx_word' id='word_1_46' title='bbox 660 1201 939 1286; x_wconf 85' lang='lat' dir='ltr'>Perseilristoria,</span> <span class='ocrx_word' id='word_1_47' title='bbox 956 1224 1055 1300; x_wconf 89' lang='lat' dir='ltr'>quern</span> <span class='ocrx_word' id='word_1_48' title='bbox 1069 1199 1227 1274; x_wconf 84' lang='lat' dir='ltr'>adversus</span> 
     </span>
     <span class='ocr_line' id='line_1_9' title="bbox 161 1310 1226 1419; baseline -0.004 -27"><span class='ocrx_word' id='word_1_49' title='bbox 161 1320 353 1415; x_wconf 88' lang='lat' dir='ltr'>Gorgonum</span> <span class='ocrx_word' id='word_1_50' title='bbox 381 1336 531 1414; x_wconf 90' lang='lat' dir='ltr'>gentem,</span> <span class='ocrx_word' id='word_1_51' title='bbox 551 1348 689 1419; x_wconf 91' lang='lat' dir='ltr'>quarum</span> <span class='ocrx_word' id='word_1_52' title='bbox 707 1319 819 1415; x_wconf 86' lang='lat' dir='ltr'>regina</span> <span class='ocrx_word' id='word_1_53' title='bbox 836 1310 901 1391; x_wconf 85' lang='lat' dir='ltr'>snit</span> <span class='ocrx_word' id='word_1_54' title='bbox 915 1314 1079 1404; x_wconf 84' lang='lat' dir='ltr'>Medusa,</span> <span class='ocrx_word' id='word_1_55' title='bbox 1102 1313 1226 1390; x_wconf 88' lang='lat' dir='ltr'>bellum</span> 
     </span>
     <span class='ocr_line' id='line_1_10' title="bbox 161 1422 1226 1535; baseline -0.003 -29"><span class='ocrx_word' id='word_1_56' title='bbox 161 1432 318 1527; x_wconf 79' lang='lat' dir='ltr'>gessisse,</span> <span class='ocrx_word' id='word_1_57' title='bbox 329 1424 425 1528; x_wconf 77' lang='lat' dir='ltr'>giaeci</span> <span class='ocrx_word' id='word_1_58' title='bbox 438 1433 616 1535; x_wconf 74' lang='lat' dir='ltr'>scriptores</span> <span class='ocrx_word' id='word_1_59' title='bbox 626 1422 825 1518; x_wconf 79' lang='lat' dir='ltr'>memoraut3</span> <span class='ocrx_word' id='word_1_60' title='bbox 838 1430 1006 1529; x_wconf 88' lang='lat' dir='ltr'>sedhujns</span> <span class='ocrx_word' id='word_1_61' title='bbox 1016 1429 1117 1505; x_wconf 90' lang='lat' dir='ltr'>rebus</span> <span class='ocrx_word' id='word_1_62' title='bbox 1125 1429 1226 1526; x_wconf 85' lang='lat' dir='ltr'>gestis</span> 
     </span>
     <span class='ocr_line' id='line_1_11' title="bbox 161 1544 1227 1648; baseline -0.003 -28"><span class='ocrx_word' id='word_1_63' title='bbox 161 1546 392 1648; x_wconf 80' lang='lat' dir='ltr'>fabulaquum</span> <span class='ocrx_word' id='word_1_64' title='bbox 412 1546 473 1621; x_wconf 89' lang='lat' dir='ltr'>alia</span> <span class='ocrx_word' id='word_1_65' title='bbox 491 1547 754 1634; x_wconf 81' lang='lat' dir='ltr'>admiscuerunt,</span> <span class='ocrx_word' id='word_1_66' title='bbox 774 1565 843 1622; x_wconf 92' lang='lat' dir='ltr'>tum</span> <span class='ocrx_word' id='word_1_67' title='bbox 861 1545 1081 1620; x_wconf 87' lang='lat' dir='ltr'>narrationem</span> <span class='ocrx_word' id='word_1_68' title='bbox 1098 1544 1139 1618; x_wconf 89' lang='lat' dir='ltr'>de</span> <span class='ocrx_word' id='word_1_69' title='bbox 1157 1545 1227 1618; x_wconf 90' lang='lat' dir='ltr'>Me·</span> 
     </span>
     <span class='ocr_line' id='line_1_12' title="bbox 161 1658 1224 1763; baseline -0.003 -30"><span class='ocrx_word' id='word_1_70' title='bbox 161 1662 250 1736; x_wconf 84' lang='lat' dir='ltr'>dusae</span> <span class='ocrx_word' id='word_1_71' title='bbox 269 1662 375 1762; x_wconf 89' lang='lat' dir='ltr'>eapite</span> <span class='ocrx_word' id='word_1_72' title='bbox 392 1661 548 1750; x_wconf 81' lang='lat' dir='ltr'>saxifico,</span> <span class='ocrx_word' id='word_1_73' title='bbox 567 1663 715 1737; x_wconf 89' lang='lat' dir='ltr'>Deorum</span> <span class='ocrx_word' id='word_1_74' title='bbox 732 1690 797 1763; x_wconf 91' lang='lat' dir='ltr'>ope</span> <span class='ocrx_word' id='word_1_75' title='bbox 809 1661 851 1734; x_wconf 90' lang='lat' dir='ltr'>ab</span> <span class='ocrx_word' id='word_1_76' title='bbox 868 1660 942 1760; x_wconf 88' lang='lat' dir='ltr'>ipso</span> <span class='ocrx_word' id='word_1_77' title='bbox 956 1675 1132 1760; x_wconf 86' lang='lat' dir='ltr'>amputato.</span> <span class='ocrx_word' id='word_1_78' title='bbox 1147 1658 1224 1731; x_wconf 75' lang='lat' dir='ltr'>Hac</span> 
     </span>
     <span class='ocr_line' id='line_1_13' title="bbox 157 1773 1226 1882; baseline -0.005 -29"><span class='ocrx_word' id='word_1_79' title='bbox 157 1779 311 1855; x_wconf 84' lang='lat' dir='ltr'>fabulose</span> <span class='ocrx_word' id='word_1_80' title='bbox 339 1779 472 1869; x_wconf 87' lang='lat' dir='ltr'>adficta,</span> <span class='ocrx_word' id='word_1_81' title='bbox 491 1798 648 1882; x_wconf 89' lang='lat' dir='ltr'>quantam</span> <span class='ocrx_word' id='word_1_82' title='bbox 670 1780 707 1852; x_wconf 92' lang='lat' dir='ltr'>in</span> <span class='ocrx_word' id='word_1_83' title='bbox 722 1807 850 1853; x_wconf 91' lang='lat' dir='ltr'>summa</span> <span class='ocrx_word' id='word_1_84' title='bbox 871 1778 1034 1853; x_wconf 85' lang='lat' dir='ltr'>brevitate</span> <span class='ocrx_word' id='word_1_85' title='bbox 1056 1773 1226 1851; x_wconf 83' lang='lat' dir='ltr'>continent</span> 
     </span>
     <span class='ocr_line' id='line_1_14' title="bbox 160 1890 1228 1999; baseline -0.007 -29"><span class='ocrx_word' id='word_1_86' title='bbox 160 1897 319 1971; x_wconf 82' lang='lat' dir='ltr'>doctrinae</span> <span class='ocrx_word' id='word_1_87' title='bbox 343 1899 490 1999; x_wconf 89' lang='lat' dir='ltr'>copiam,</span> <span class='ocrx_word' id='word_1_88' title='bbox 513 1895 554 1972; x_wconf 90' lang='lat' dir='ltr'>ad</span> <span class='ocrx_word' id='word_1_89' title='bbox 575 1897 675 1971; x_wconf 87' lang='lat' dir='ltr'>vitam</span> <span class='ocrx_word' id='word_1_90' title='bbox 702 1913 801 1999; x_wconf 90' lang='lat' dir='ltr'>atque</span> <span class='ocrx_word' id='word_1_91' title='bbox 823 1924 933 1970; x_wconf 84' lang='lat' dir='ltr'>mores</span> <span class='ocrx_word' id='word_1_92' title='bbox 951 1891 1177 1970; x_wconf 79' lang='lat' dir='ltr'>conferentis?</span> <span class='ocrx_word' id='word_1_93' title='bbox 1200 1890 1228 1965; x_wconf 92' lang='lat' dir='ltr'>si</span> 
     </span>
     <span class='ocr_line' id='line_1_15' title="bbox 158 2011 1228 2108; baseline -0.004 -22"><span class='ocrx_word' id='word_1_94' title='bbox 158 2014 329 2098; x_wconf 88' lang='lat' dir='ltr'>Perseum,</span> <span class='ocrx_word' id='word_1_95' title='bbox 350 2014 474 2089; x_wconf 89' lang='lat' dir='ltr'>seilicet</span> <span class='ocrx_word' id='word_1_96' title='bbox 488 2012 648 2086; x_wconf 90' lang='lat' dir='ltr'>rationem</span> <span class='ocrx_word' id='word_1_97' title='bbox 659 2011 841 2108; x_wconf 81' lang='lat' dir='ltr'>intelligas,</span> <span class='ocrx_word' id='word_1_98' title='bbox 860 2011 1037 2087; x_wconf 84' lang='lat' dir='ltr'>Medusam</span> <span class='ocrx_word' id='word_1_99' title='bbox 1047 2037 1126 2084; x_wconf 80' lang='lat' dir='ltr'>vero</span> <span class='ocrx_word' id='word_1_100' title='bbox 1139 2066 1149 2099; x_wconf 94' lang='lat'>,</span> <span class='ocrx_word' id='word_1_101' title='bbox 1164 2035 1228 2082; x_wconf 86' lang='lat' dir='ltr'>una</span> 
     </span>
     <span class='ocr_line' id='line_1_16' title="bbox 160 2124 1228 2230; baseline -0.006 -26"><span class='ocrx_word' id='word_1_102' title='bbox 160 2159 234 2204; x_wconf 88' lang='lat' dir='ltr'>cum</span> <span class='ocrx_word' id='word_1_103' title='bbox 253 2130 444 2216; x_wconf 90' lang='lat' dir='ltr'>sororibus,</span> <span class='ocrx_word' id='word_1_104' title='bbox 462 2128 670 2230; x_wconf 86' lang='lat' dir='ltr'>voluptatum</span> <span class='ocrx_word' id='word_1_105' title='bbox 685 2127 874 2215; x_wconf 90' lang='lat' dir='ltr'>illecebras,</span> <span class='ocrx_word' id='word_1_106' title='bbox 894 2155 966 2229; x_wconf 85' lang='lat' dir='ltr'>quae</span> <span class='ocrx_word' id='word_1_107' title='bbox 985 2124 1113 2200; x_wconf 87' lang='lat' dir='ltr'>ratione</span> <span class='ocrx_word' id='word_1_108' title='bbox 1131 2150 1228 2226; x_wconf 84' lang='lat' dir='ltr'>supe-</span> 
     </span>
     <span class='ocr_line' id='line_1_17' title="bbox 160 2237 1227 2345; baseline -0.007 -26"><span class='ocrx_word' id='word_1_109' title='bbox 160 2245 226 2319; x_wconf 90' lang='lat' dir='ltr'>rari</span> <span class='ocrx_word' id='word_1_110' title='bbox 243 2242 352 2320; x_wconf 89' lang='lat' dir='ltr'>solent</span> <span class='ocrx_word' id='word_1_111' title='bbox 367 2244 478 2319; x_wconf 89' lang='lat' dir='ltr'>divino</span> <span class='ocrx_word' id='word_1_112' title='bbox 496 2244 610 2345; x_wconf 77' lang='lat' dir='ltr'>adjuta</span> <span class='ocrx_word' id='word_1_113' title='bbox 625 2240 748 2318; x_wconf 84' lang='lat' dir='ltr'>anxilio</span> <span class='ocrx_word' id='word_1_114' title='bbox 775 2272 783 2315; x_wconf 93' lang='lat'><strong>:</strong></span> <span class='ocrx_word' id='word_1_115' title='bbox 802 2240 838 2314; x_wconf 94' lang='lat' dir='ltr'>id</span> <span class='ocrx_word' id='word_1_116' title='bbox 865 2241 955 2342; x_wconf 89' lang='lat' dir='ltr'>quod</span> <span class='ocrx_word' id='word_1_117' title='bbox 978 2240 1058 2337; x_wconf 82' lang='lat' dir='ltr'>agis</span> <span class='ocrx_word' id='word_1_118' title='bbox 1072 2237 1227 2313; x_wconf 78' lang='lat' dir='ltr'>Minervae</span> 
     </span>
     <span class='ocr_line' id='line_1_18' title="bbox 162 2355 1228 2457; baseline -0.008 -21"><span class='ocrx_word' id='word_1_119' title='bbox 162 2363 272 2438; x_wconf 88' lang='lat' dir='ltr'>innuit</span> <span class='ocrx_word' id='word_1_120' title='bbox 288 2391 362 2437; x_wconf 87' lang='lat' dir='ltr'>eum</span> <span class='ocrx_word' id='word_1_121' title='bbox 380 2361 539 2436; x_wconf 85' lang='lat' dir='ltr'>Mercurii</span> <span class='ocrx_word' id='word_1_122' title='bbox 557 2359 686 2457; x_wconf 91' lang='lat' dir='ltr'>gladio,</span> <span class='ocrx_word' id='word_1_123' title='bbox 705 2376 740 2433; x_wconf 91' lang='lat' dir='ltr'>et</span> <span class='ocrx_word' id='word_1_124' title='bbox 757 2359 837 2432; x_wconf 90' lang='lat' dir='ltr'>Orci</span> <span class='ocrx_word' id='word_1_125' title='bbox 859 2356 966 2454; x_wconf 84' lang='lat' dir='ltr'>galea,</span> <span class='ocrx_word' id='word_1_126' title='bbox 985 2355 1110 2457; x_wconf 88' lang='lat' dir='ltr'>quibus</span> <span class='ocrx_word' id='word_1_127' title='bbox 1128 2371 1228 2456; x_wconf 70' lang='lat' dir='ltr'>poete</span> 
     </span>
     <span class='ocr_line' id='line_1_19' title="bbox 161 2465 1231 2574; baseline -0.009 -22"><span class='ocrx_word' id='word_1_128' title='bbox 161 2476 255 2552; x_wconf 88' lang='lat' dir='ltr'>illum</span> <span class='ocrx_word' id='word_1_129' title='bbox 272 2504 443 2552; x_wconf 88' lang='lat' dir='ltr'>armavere.</span> <span class='ocrx_word' id='word_1_130' title='bbox 459 2475 562 2574; x_wconf 87' lang='lat' dir='ltr'>Quod</span> <span class='ocrx_word' id='word_1_131' title='bbox 577 2475 605 2550; x_wconf 91' lang='lat' dir='ltr'>si</span> <span class='ocrx_word' id='word_1_132' title='bbox 620 2475 811 2568; x_wconf 88' lang='lat' dir='ltr'>Gorgones,</span> <span class='ocrx_word' id='word_1_133' title='bbox 831 2500 903 2574; x_wconf 82' lang='lat' dir='ltr'>quae</span> <span class='ocrx_word' id='word_1_134' title='bbox 915 2467 1088 2543; x_wconf 85' lang='lat' dir='ltr'>Dorcadas</span> <span class='ocrx_word' id='word_1_135' title='bbox 1106 2465 1231 2543; x_wconf 82' lang='lat' dir='ltr'>Oceani</span> 
     </span>
     <span class='ocr_line' id='line_1_20' title="bbox 163 2577 1231 2696; baseline -0.01 -28"><span class='ocrx_word' id='word_1_136' title='bbox 163 2593 346 2696; x_wconf 82' lang='lat' dir='ltr'>AEthiopiei</span> <span class='ocrx_word' id='word_1_137' title='bbox 365 2590 489 2666; x_wconf 90' lang='lat' dir='ltr'>insulas</span> <span class='ocrx_word' id='word_1_138' title='bbox 504 2590 671 2664; x_wconf 84' lang='lat' dir='ltr'>habitasse</span> <span class='ocrx_word' id='word_1_139' title='bbox 695 2577 933 2690; x_wconf 85' lang='lat' dir='ltr'>perhibentur,</span> <span class='ocrx_word' id='word_1_140' title='bbox 952 2613 1053 2686; x_wconf 89' lang='lat' dir='ltr'>aquas</span> <span class='ocrx_word' id='word_1_141' title='bbox 1071 2585 1165 2684; x_wconf 90' lang='lat' dir='ltr'>ipsas</span> <span class='ocrx_word' id='word_1_142' title='bbox 1181 2584 1231 2657; x_wconf 89' lang='lat' dir='ltr'>in·</span> 
     </span>
     <span class='ocr_line' id='line_1_21' title="bbox 163 2702 1229 2807; baseline -0.008 -28"><span class='ocrx_word' id='word_1_143' title='bbox 163 2707 350 2807; x_wconf 88' lang='lat' dir='ltr'>terpretcris</span> <span class='ocrx_word' id='word_1_144' title='bbox 366 2707 465 2781; x_wconf 89' lang='lat' dir='ltr'>maris</span> <span class='ocrx_word' id='word_1_145' title='bbox 480 2703 585 2792; x_wconf 91' lang='lat' dir='ltr'>filias,</span> <span class='ocrx_word' id='word_1_146' title='bbox 604 2702 781 2778; x_wconf 84' lang='lat' dir='ltr'>Medusam</span> <span class='ocrx_word' id='word_1_147' title='bbox 805 2731 881 2776; x_wconf 82' lang='lat' dir='ltr'>vero</span> <span class='ocrx_word' id='word_1_148' title='bbox 905 2717 1033 2801; x_wconf 90' lang='lat' dir='ltr'>partem</span> <span class='ocrx_word' id='word_1_149' title='bbox 1053 2726 1167 2772; x_wconf 89' lang='lat' dir='ltr'>earum</span> <span class='ocrx_word' id='word_1_150' title='bbox 1186 2715 1229 2771; x_wconf 90' lang='lat' dir='ltr'>te·</span> 
     </span>
     <span class='ocr_line' id='line_1_22' title="bbox 163 2811 1229 2921; baseline -0.008 -29"><span class='ocrx_word' id='word_1_151' title='bbox 163 2821 333 2908; x_wconf 90' lang='lat' dir='ltr'>nuiorem,</span> <span class='ocrx_word' id='word_1_152' title='bbox 349 2849 387 2893; x_wconf 89' lang='lat' dir='ltr'>ac</span> <span class='ocrx_word' id='word_1_153' title='bbox 398 2836 684 2921; x_wconf 88' lang='lat' dir='ltr'>supernatantem,</span> <span class='ocrx_word' id='word_1_154' title='bbox 699 2820 854 2892; x_wconf 85' lang='lat' dir='ltr'>Perseum</span> <span class='ocrx_word' id='word_1_155' title='bbox 868 2815 1011 2915; x_wconf 89' lang='lat' dir='ltr'>denique</span> <span class='ocrx_word' id='word_1_156' title='bbox 1021 2811 1124 2888; x_wconf 88' lang='lat' dir='ltr'>solem</span> <span class='ocrx_word' id='word_1_157' title='bbox 1140 2843 1149 2888; x_wconf 75' lang='grc' dir='ltr'><strong><em>ε</em></strong></span> <span class='ocrx_word' id='word_1_158' title='bbox 1163 2840 1229 2886; x_wconf 90' lang='lat' dir='ltr'>non</span> 
     </span>
     <span class='ocr_line' id='line_1_23' title="bbox 164 2930 1226 3037; baseline -0.006 -26"><span class='ocrx_word' id='word_1_159' title='bbox 164 2937 322 3012; x_wconf 79' lang='lat' dir='ltr'>defuturae</span> <span class='ocrx_word' id='word_1_160' title='bbox 340 2938 466 3011; x_wconf 90' lang='lat' dir='ltr'>suntin</span> <span class='ocrx_word' id='word_1_161' title='bbox 483 2937 545 3012; x_wconf 86' lang='lat' dir='ltr'>hae</span> <span class='ocrx_word' id='word_1_162' title='bbox 561 2937 634 3037; x_wconf 87' lang='lat' dir='ltr'>ipsa</span> <span class='ocrx_word' id='word_1_163' title='bbox 656 2936 766 3011; x_wconf 86' lang='lat' dir='ltr'>fabula</span> <span class='ocrx_word' id='word_1_164' title='bbox 791 2934 1014 3033; x_wconf 84' lang='lat' dir='ltr'>subjectiones</span> <span class='ocrx_word' id='word_1_165' title='bbox 1031 2930 1226 3027; x_wconf 67' lang='lat' dir='ltr'>ingeniosae,</span> 
     </span>
     <span class='ocr_line' id='line_1_24' title="bbox 164 3048 1226 3154; baseline -0.006 -27"><span class='ocrx_word' id='word_1_166' title='bbox 164 3055 204 3128; x_wconf 88' lang='lat' dir='ltr'>de</span> <span class='ocrx_word' id='word_1_167' title='bbox 231 3072 371 3137; x_wconf 73' lang='lat' dir='ltr'>naturae,</span> <span class='ocrx_word' id='word_1_168' title='bbox 399 3054 529 3154; x_wconf 89' lang='lat' dir='ltr'>Deique</span> <span class='ocrx_word' id='word_1_169' title='bbox 553 3053 679 3154; x_wconf 90' lang='lat' dir='ltr'>opilieis</span> <span class='ocrx_word' id='word_1_170' title='bbox 696 3053 883 3126; x_wconf 89' lang='lat' dir='ltr'>actionibus</span> <span class='ocrx_word' id='word_1_171' title='bbox 899 3049 1127 3133; x_wconf 87' lang='lat' dir='ltr'>mirabilibus,</span> <span class='ocrx_word' id='word_1_172' title='bbox 1144 3048 1226 3121; x_wconf 82' lang='lat' dir='ltr'>vires</span> 
     </span>
     <span class='ocr_line' id='line_1_25' title="bbox 165 3164 1226 3269; baseline -0.007 -24"><span class='ocrx_word' id='word_1_173' title='bbox 165 3198 241 3245; x_wconf 91' lang='lat' dir='ltr'>suas</span> <span class='ocrx_word' id='word_1_174' title='bbox 251 3185 375 3241; x_wconf 76' lang='lat' dir='ltr'>nature</span> <span class='ocrx_word' id='word_1_175' title='bbox 388 3168 617 3269; x_wconf 89' lang='lat' dir='ltr'>impertientis.</span> <span class='ocrx_word' id='word_1_176' title='bbox 632 3169 696 3243; x_wconf 87' lang='lat' dir='ltr'>Sed</span> <span class='ocrx_word' id='word_1_177' title='bbox 708 3168 770 3243; x_wconf 89' lang='lat' dir='ltr'>ista</span> <span class='ocrx_word' id='word_1_178' title='bbox 784 3168 947 3269; x_wconf 82' lang='lat' dir='ltr'>prolixius</span> <span class='ocrx_word' id='word_1_179' title='bbox 961 3196 1050 3242; x_wconf 88' lang='lat' dir='ltr'>nnnc</span> <span class='ocrx_word' id='word_1_180' title='bbox 1058 3164 1226 3268; x_wconf 84' lang='lat' dir='ltr'>persequi,</span> 
     </span>
     <span class='ocr_line' id='line_1_26' title="bbox 163 3282 1229 3387; baseline -0.001 -28"><span class='ocrx_word' id='word_1_181' title='bbox 163 3285 415 3386; x_wconf 86' lang='lat' dir='ltr'>fabularumque</span> <span class='ocrx_word' id='word_1_182' title='bbox 428 3284 587 3362; x_wconf 85' lang='lat' dir='ltr'>utilitates</span> <span class='ocrx_word' id='word_1_183' title='bbox 599 3285 780 3361; x_wconf 87' lang='lat' dir='ltr'>uberrimas</span> <span class='ocrx_word' id='word_1_184' title='bbox 800 3305 950 3361; x_wconf 85' lang='lat' dir='ltr'>excutere</span> <span class='ocrx_word' id='word_1_185' title='bbox 968 3291 1129 3387; x_wconf 89' lang='lat' dir='ltr'>(quarum</span> <span class='ocrx_word' id='word_1_186' title='bbox 1143 3282 1229 3370; x_wconf 82' lang='lat' dir='ltr'>alite,</span> 
     </span>
     <span class='ocr_line' id='line_1_27' title="bbox 166 3398 1231 3500; baseline -0.005 -24"><span class='ocrx_word' id='word_1_187' title='bbox 166 3419 246 3476; x_wconf 89' lang='lat' dir='ltr'>teste</span> <span class='ocrx_word' id='word_1_188' title='bbox 272 3399 543 3488; x_wconf 83' lang='lat' dir='ltr'>Halieumasseo,</span> <span class='ocrx_word' id='word_1_189' title='bbox 567 3418 691 3475; x_wconf 80' lang='lat' dir='ltr'>naturae</span> <span class='ocrx_word' id='word_1_190' title='bbox 717 3428 817 3500; x_wconf 86' lang='lat' dir='ltr'>opera</span> <span class='ocrx_word' id='word_1_191' title='bbox 839 3400 1011 3498; x_wconf 68' lang='grc' dir='ltr'>ἆλληορίας</span> <span class='ocrx_word' id='word_1_192' title='bbox 1034 3398 1231 3472; x_wconf 84' lang='lat' dir='ltr'>adumbrata</span> 
     </span>
     <span class='ocr_line' id='line_1_28' title="bbox 165 3514 1233 3604; baseline -0.003 -13"><span class='ocrx_word' id='word_1_193' title='bbox 165 3516 358 3604; x_wconf 89' lang='lat' dir='ltr'>coutinent;</span> <span class='ocrx_word' id='word_1_194' title='bbox 386 3518 455 3593; x_wconf 85' lang='lat' dir='ltr'>aliae</span> <span class='ocrx_word' id='word_1_195' title='bbox 480 3517 699 3591; x_wconf 89' lang='lat' dir='ltr'>humanarum</span> <span class='ocrx_word' id='word_1_196' title='bbox 726 3515 945 3591; x_wconf 87' lang='lat' dir='ltr'>calamitatum</span> <span class='ocrx_word' id='word_1_197' title='bbox 970 3514 1233 3590; x_wconf 87' lang='lat' dir='ltr'>consolationem</span> 
     </span>
     <span class='ocr_line' id='line_1_29' title="bbox 165 3628 1233 3733; baseline -0.005 -27"><span class='ocrx_word' id='word_1_198' title='bbox 165 3633 306 3720; x_wconf 82' lang='lat' dir='ltr'>habent3</span> <span class='ocrx_word' id='word_1_199' title='bbox 317 3632 387 3707; x_wconf 86' lang='lat' dir='ltr'>aliae</span> <span class='ocrx_word' id='word_1_200' title='bbox 399 3628 1233 3733; x_wconf 85' lang='lat' dir='ltr'>terrores,animorumquepertnrbationesanobis</span> 
     </span>
     <span class='ocr_line' id='line_1_30' title="bbox 168 3741 1233 3850; baseline -0.003 -29"><span class='ocrx_word' id='word_1_201' title='bbox 168 3747 360 3850; x_wconf 88' lang='lat' dir='ltr'>depellunt,</span> <span class='ocrx_word' id='word_1_202' title='bbox 378 3746 619 3850; x_wconf 89' lang='lat' dir='ltr'>opinionesque</span> <span class='ocrx_word' id='word_1_203' title='bbox 635 3745 779 3821; x_wconf 77' lang='lat' dir='ltr'>evellunt</span> <span class='ocrx_word' id='word_1_204' title='bbox 798 3774 915 3846; x_wconf 87' lang='lat' dir='ltr'>parum</span> <span class='ocrx_word' id='word_1_205' title='bbox 933 3774 1044 3832; x_wconf 89' lang='lat' dir='ltr'>sanas;</span> <span class='ocrx_word' id='word_1_206' title='bbox 1062 3744 1133 3818; x_wconf 84' lang='lat' dir='ltr'>aliae</span> <span class='ocrx_word' id='word_1_207' title='bbox 1152 3741 1233 3818; x_wconf 88' lang='lat' dir='ltr'>alia·</span> 
     </span>
     <span class='ocr_line' id='line_1_31' title="bbox 167 3861 1231 3962; baseline -0.007 -23"><span class='ocrx_word' id='word_1_208' title='bbox 167 3896 239 3939; x_wconf 90' lang='lat' dir='ltr'>rum</span> <span class='ocrx_word' id='word_1_209' title='bbox 255 3866 434 3940; x_wconf 89' lang='lat' dir='ltr'>utilitatum</span> <span class='ocrx_word' id='word_1_210' title='bbox 446 3890 541 3936; x_wconf 90' lang='lat' dir='ltr'>causa</span> <span class='ocrx_word' id='word_1_211' title='bbox 554 3867 743 3960; x_wconf 79' lang='lat' dir='ltr'>excogitata</span> <span class='ocrx_word' id='word_1_212' title='bbox 756 3862 858 3960; x_wconf 83' lang='lat' dir='ltr'>sunt)</span> <span class='ocrx_word' id='word_1_213' title='bbox 877 3861 965 3949; x_wconf 86' lang='lat' dir='ltr'>haec,</span> <span class='ocrx_word' id='word_1_214' title='bbox 984 3864 1139 3962; x_wconf 89' lang='lat' dir='ltr'>inquam,</span> <span class='ocrx_word' id='word_1_215' title='bbox 1159 3886 1231 3961; x_wconf 91' lang='lat' dir='ltr'>per-</span> 
     </span>
     <span class='ocr_line' id='line_1_32' title="bbox 168 3974 1229 4079; baseline -0.004 -28"><span class='ocrx_word' id='word_1_216' title='bbox 168 3980 261 4079; x_wconf 89' lang='lat' dir='ltr'>sequi</span> <span class='ocrx_word' id='word_1_217' title='bbox 280 3997 377 4079; x_wconf 88' lang='lat' dir='ltr'>atque</span> <span class='ocrx_word' id='word_1_218' title='bbox 393 4003 556 4078; x_wconf 83' lang='lat' dir='ltr'>exponere</span> <span class='ocrx_word' id='word_1_219' title='bbox 571 3977 670 4052; x_wconf 90' lang='lat' dir='ltr'>nimis</span> <span class='ocrx_word' id='word_1_220' title='bbox 686 3993 773 4051; x_wconf 90' lang='lat' dir='ltr'>esset</span> <span class='ocrx_word' id='word_1_221' title='bbox 788 3974 936 4070; x_wconf 89' lang='lat' dir='ltr'>longum.</span> <span class='ocrx_word' id='word_1_222' title='bbox 955 3979 1087 4075; x_wconf 89' lang='lat' dir='ltr'>ltaque,</span> <span class='ocrx_word' id='word_1_223' title='bbox 1113 3977 1229 4047; x_wconf 89' lang='lat' dir='ltr'>horum</span> 
     </span>
     <span class='ocr_line' id='line_1_33' title="bbox 168 4089 1231 4191; baseline -0.006 -26"><span class='ocrx_word' id='word_1_224' title='bbox 168 4095 374 4168; x_wconf 88' lang='lat' dir='ltr'>enarratione</span> <span class='ocrx_word' id='word_1_225' title='bbox 388 4093 422 4166; x_wconf 90' lang='lat' dir='ltr'>in</span> <span class='ocrx_word' id='word_1_226' title='bbox 435 4091 525 4166; x_wconf 92' lang='lat' dir='ltr'>aliud</span> <span class='ocrx_word' id='word_1_227' title='bbox 537 4109 667 4191; x_wconf 88' lang='lat' dir='ltr'>tempus</span> <span class='ocrx_word' id='word_1_228' title='bbox 678 4091 818 4191; x_wconf 87' lang='lat' dir='ltr'>rejecta,</span> <span class='ocrx_word' id='word_1_229' title='bbox 834 4090 929 4167; x_wconf 89' lang='lat' dir='ltr'>venio</span> <span class='ocrx_word' id='word_1_230' title='bbox 943 4118 1030 4165; x_wconf 89' lang='lat' dir='ltr'>nunc</span> <span class='ocrx_word' id='word_1_231' title='bbox 1041 4089 1084 4161; x_wconf 92' lang='lat' dir='ltr'>ad</span> <span class='ocrx_word' id='word_1_232' title='bbox 1099 4107 1231 4164; x_wconf 81' lang='lat' dir='ltr'>caeteras</span> 
     </span>
    </p>
   </div>
   <div class='ocr_carea' id='block_1_5' title="bbox 0 0 1406 4694">
    <p class='ocr_par' dir='ltr' id='par_1_7' title="bbox 0 0 1406 4694">
     <span class='ocr_line' id='line_1_34' title="bbox 0 0 1406 4694; baseline 0 0"><span class='ocrx_word' id='word_1_233' title='bbox 0 0 1406 4694; x_wconf 95' lang='lat' dir='ltr'> </span> 
     </span>
    </p>
   </div>
  </div>
 </body>
</html>
