2768 4694
463 409 530 475 sn
555 405 929 479 rsnrsrrouss.
1167 402 1232 494 293

168 546 260 621 dant.
281 548 395 651 Atque
409 562 449 620 ut
460 544 548 621 banc
564 546 600 619 in
616 563 742 647 partem
760 545 879 618 diversi
895 542 1074 643 scriptores
1090 539 1232 628 abeunt,

169 665 216 738 sic
229 664 266 737 in
280 663 416 763 hujusce
431 681 540 765 etymo
554 661 675 735 mirum
687 663 721 735 in
734 661 869 735 modum
878 659 1020 743 variant,
1032 656 1155 757 quibus
1164 656 1234 732 brec

165 776 299 878 scriptis
311 776 452 881 prodere
465 775 613 881 studium
626 775 689 848 suit
705 805 713 848 :
729 775 850 849 dictam
866 773 953 848 enim
969 772 1102 874 quidam
1116 760 1237 844 volunt

162 891 247 989 napa*
257 891 294 965 re*
310 889 507 979 sisinnio&
521 890 688 970 τιῦνιόταςι
702 889 770 964 sere
783 889 868 963 enim
879 888 1106 961 defunctorum
1120 884 1234 959 laudes

157 1005 228 1081 boc
243 1008 388 1081 carmine
401 1007 700 1109 prosequebantur.
713 1004 783 1078 Alii
791 1004 850 1077 cirri
863 1005 921 1077 rori
928 1002 1029 1088 iterir,
1040 1001 1075 1074 id
1088 1020 1158 1089 est,
1171 1002 1233 1075 mi·

153 1123 267 1194 sereri
289 1152 297 1193 ι
320 1120 412 1221 qnod
431 1120 558 1194 scilicet
574 1119 777 1192 miseriarum
795 1118 930 1220 plenum
953 1142 1024 1191 esse
1046 1113 1149 1188 soleat
1168 1114 1233 1188 hoc

154 1238 323 1311 carminis
340 1266 456 1334 genus.
486 1236 571 1312 Huic
588 1236 794 1338 etymologia
810 1234 965 1312 adsentiri
982 1234 1113 1308 videtur
1135 1232 1232 1306 Flac-

153 1378 246 1439 cus,
263 1351 321 1451 qui
331 1350 371 1423 ad
386 1350 521 1424 Albium
534 1350 703 1425 Tibullum
719 1352 883 1439 seribem,
902 1348 962 1423 lib.
978 1351 994 1422 l
1008 1374 1105 1422 carm.
1121 1345 1232 1441 elegos

152 1465 376 1542 miserabiles
396 1486 498 1542 vocet.
524 1468 693 1569 Superiori
710 1486 820 1543 autem
837 1471 947 1555 Naso,
965 1463 1076 1568 quiin
1093 1461 1233 1564 epistola

156 1578 347 1682 Sapphus,
364 1580 498 1679 elegiam
513 1610 642 1657 carmen
661 1581 787 1671 llebile,
805 1583 840 1654 in
855 1580 1035 1654 timoribus
1048 1579 1154 1679 ipsam
1168 1576 1234 1651 ele·

154 1699 254 1795 giam
270 1696 409 1772 llebilem
428 1698 580 1801 adpellat.
599 1694 763 1772 Nonnulli
783 1697 826 1771 ab
845 1694 878 1768 ai
888 1693 925 1787 (i
935 1695 972 1794 l)
989 1695 1232 1794 interjectione,

154 1815 209 1887 ita
227 1830 267 1886 ut
282 1812 362 1914 legia
381 1813 425 1887 sit
440 1814 586 1888 nominis
601 1811 889 1915 supplementum,
909 1828 941 1883 et
955 1810 1040 1883 nihil
1057 1809 1229 1905 significet

158 1928 291 2004 Eadem
308 1928 455 2020 ratione,
480 1957 546 2031 qua
569 1927 698 2003 Gellius
718 1928 929 2029 Quinquatrus
950 1925 1054 2000 dictas
1075 1926 1197 2017 voluit,
1214 1955 1232 2001 a

165 2045 315 2147 quinque
333 2044 457 2120 dierum
476 2072 634 2131 numero,
655 2043 713 2145 qui
729 2044 866 2118 suntab
883 2043 995 2117 idibus
1017 2071 1025 2115 ε
1047 2047 1134 2116 utrm
1155 2071 1233 2117 vero

158 2160 251 2235 ⁴'nihil
279 2160 481 2257 significum
499 2160 660 2261 siquidem
679 2159 834 2262 Phrygia
856 2189 911 2234 rex
935 2159 1061 2247 Midas,
1078 2159 1156 2233 dum
1173 2188 1234 2261 pa-

165 2280 251 2354 renti
260 2279 348 2379 justa
360 2295 533 2379 perageret
544 2334 553 2364 ,
564 2277 625 2351 bac
636 2277 863 2377 interjectione
875 2276 1151 2376 frequenterusus
1164 2303 1234 2351 esse

166 2397 303 2470 dicitur.
319 2397 414 2470 Licet
430 2392 486 2465 alii
505 2393 651 2480 tradant,
668 2392 845 2471 ‘l'lreoclem
862 2395 1022 2475 Narium,
1040 2394 1107 2466 sive
1121 2392 1234 2492 potius

163 2514 398 2612 Erythreum,
424 2509 613 2609 frequenter
627 2534 689 2609 per
706 2511 827 2585 amoris
844 2508 1004 2582 insaniam
1021 2507 1234 2581 vociferatum

169 2654 261 2710 csse,
275 2631 325 2712 αῖ,
338 2628 385 2710 αῖ,
401 2626 455 2695 ai:
464 2624 541 2698 inde
549 2622 680 2726 aliquot
689 2624 807 2701 additis
819 2623 926 2699 literis
936 2678 945 2711 ,
955 2622 1090 2718 elegiam
1101 2621 1231 2696 dictum.

172 2745 287 2841 Quam
305 2736 534 2841 etymologiam
553 2742 655 2814 secuti
668 2740 821 2818 ridentur
831 2741 900 2829 illi,
918 2741 977 2842 qui
994 2741 1236 2817 contenderunt

173 2856 309 2953 elegiam
324 2856 505 2957 producere
519 2855 647 2958 priores
663 2855 745 2933 duas
761 2858 911 2961 syllabas.
932 2859 994 2932 His
1008 2875 1117 2932 tamen
1131 2859 1233 2935 refra-

175 2992 271 3070 gatur
286 2974 466 3075 Papinius,
491 2973 585 3072 cujus
603 2971 667 3048 tale
682 2991 733 3049 est
748 2974 784 3046 in
801 2974 906 3076 Sylvis
921 3004 1048 3049 carmen
1072 3008 1079 3050 :
1104 3008 1121 3040 «
1141 2977 1234 3073 Quas

179 3122 194 3153 »ι
212 3090 299 3164 inter
315 3089 409 3164 vultu
425 3088 580 3191 petulans
595 3088 701 3186 elegia
714 3090 924 3192 propinquat.
943 3127 960 3157 »
980 3094 1062 3165 ltem
1080 3093 1234 3183 Persius,

176 3202 240 3277 Sat.
261 3232 297 3292 1,
311 3205 444 3279 dicens:
464 3237 483 3269 «
495 3204 603 3279 Ebria
614 3221 761 3292 veratro,
775 3232 843 3280 non
858 3206 888 3281 si
905 3235 968 3307 qua
981 3206 1083 3302 elegis
1098 3208 1202 3281 erudi.
1215 3241 1233 3273 »

176 3321 243 3393 Nec
260 3321 407 3408 deluere,
425 3320 485 3423 qni
503 3321 547 3394 ab
571 3320 738 3407 laiseino,
758 3320 849 3421 quod
865 3340 913 3395 est
929 3323 1091 3410 insanire,
1115 3323 1235 3397 dictam

178 3430 339 3508 voluerint
354 3468 361 3509 :
377 3437 469 3537 quod
485 3452 594 3511 mente
610 3453 728 3537 captus
740 3436 915 3524 Tbeocles,
930 3438 970 3511 de
987 3466 1055 3537 quo
1069 3465 1168 3539 supra
1184 3435 1236 3508 di-

178 3566 269 3620 ctum
285 3569 356 3636 est,
373 3580 411 3625 eo
428 3553 581 3628 carminis
596 3581 715 3648 genere
731 3552 925 3627 vociferatus
941 3553 994 3626 sit.
1011 3554 1122 3628 Primo
1133 3552 1236 3647 igitur

179 3694 230 3740 res
250 3683 375 3739 tantum
400 3669 525 3760 tristes,
542 3697 581 3741 ac
604 3669 808 3744 miseriarum
825 3666 948 3768 plens,
972 3669 1114 3765 elegiaco
1139 3693 1235 3739 versu

179 3779 465 3868 describebantor3
480 3810 553 3858 mox
564 3800 596 3858 et
608 3782 706 3872 lecte,
723 3783 901 3884 praesertim
918 3812 1064 3871 amores,
1079 3811 1118 3854 eo
1130 3796 1237 3852 metro

180 3895 250 3968 cani
269 3912 458 3993 coeperunt,
476 3898 564 3997 quod
578 3916 613 3973 et
623 3897 762 3975 Flaccus
774 3897 810 3968 in
821 3897 902 3971 Arte
917 3897 1047 3999 poetica
1063 3895 1111 3967 sic
1128 3909 1239 3964 osten-

180 4012 250 4086 dit:
271 4011 466 4087 «Versibus
492 4011 658 4116 impariter
678 4014 801 4116 junctis
827 4012 946 4110 elegeia
962 4013 1129 4113 primum,
1156 4010 1240 4084 Post

185 4159 200 4191 ¹>
218 4127 316 4203 etiarn
335 4125 460 4202 inclusa
473 4128 602 4202 estvoti
616 4130 774 4205 mntentia
791 4156 938 4230 compos.
955 4161 972 4193 »
990 4124 1087 4200 Unde
1101 4128 1190 4205 Nasu
1205 4125 1247 4207 iu.
