2768 4694
457 372 520 440 nr
544 370 925 440 rrnramouns.
1157 376 1221 467 287

153 514 325 593 cesseritis
340 512 494 588 Smeoem
511 511 547 584 id
565 528 673 585 totum
698 509 810 586 Ovidii
831 540 959 587 carmen
976 511 1222 612 persolutam,

157 631 353 719 edidicisse,
365 631 401 704 in
411 627 518 702 libros
534 655 613 703 suos
629 627 852 712 tmnstuliss'm
865 656 926 722 ego
939 626 1035 701 vobis
1051 630 1225 704 concedam

159 773 215 819 me
230 742 338 819 nihilo
354 742 430 847 plus
446 769 561 843 sapere
574 768 672 840 quam
684 741 807 814 betam.
828 741 862 815 Si
878 769 947 814 non
960 741 1154 832 criterium,
1169 761 1226 818 aut

161 860 290 964 pigebit
305 857 492 962 perlegere,
513 857 616 932 istum
638 855 788 931 laborem
810 857 907 930 vobis
925 857 1065 945 demam
1083 878 1117 932 et
1139 861 1226 933 iuter

161 974 391 1076 explicandum
406 971 600 1068 singillatim
615 971 773 1046 indicabo
791 972 872 1073 quid
895 999 934 1044 ex
956 971 1078 1045 ovidio
1104 974 1226 1052 Seneca

162 1090 356 1192 sumpserit,
368 1088 450 1189 quid
464 1087 684 1188 subripuerit:
698 1115 797 1188 quam
808 1102 915 1163 astute
925 1084 1139 1161 dissimularit
1152 1121 1226 1165 mu-

162 1224 277 1291 tuum,
300 1220 335 1277 et
351 1229 452 1302 quarn
472 1200 585 1276 callide
608 1203 818 1276 commutatis
843 1200 971 1289 verbis,
996 1229 1055 1274 ceu
1073 1202 1177 1297 signis
1195 1225 1227 1279 et

163 1323 257 1396 notis
273 1318 527 1407 sententiarum,
543 1318 667 1393 lurtum
685 1347 782 1393 suum
800 1316 982 1392 occultarit.
1001 1318 1229 1419 Interpellabit

166 1437 225 1511 hic
236 1434 387 1535 aliquis,
404 1453 437 1509 et
451 1461 470 1509 a
485 1462 537 1509 me
556 1435 713 1509 Ovidium
730 1434 818 1509 dicet
830 1431 915 1508 falso
929 1432 1109 1508 alienarum
1123 1420 1229 1510 virtu-

169 1569 242 1639 tum
256 1549 691 1651 preconiorommendarie
714 1551 870 1653 quoniam
895 1549 1015 1624 eruditi
1037 1550 1099 1623 viri
1123 1579 1230 1652 nuper

166 1670 245 1743 huic
263 1669 406 1775 carmini¹
415 1671 452 1744 (ὲ
472 1670 618 1746 Pedonis
631 1669 832 1745 Albinovani
845 1696 966 1742 nomen
978 1668 1226 1771 inscripserunt.

166 1788 296 1873 Fateor,
308 1804 342 1859 et
353 1783 445 1859 valde
455 1814 527 1859 snm
536 1783 736 1871 admiratum
748 1813 808 1859 nec
821 1784 929 1858 adhoc
941 1782 1123 1881 intelligere
1135 1789 1227 1887 potui

166 1927 225 1975 cur
238 1900 275 1975 id
294 1898 445 1975 fecerint
465 1902 601 1976 Veteres
618 1919 706 1973 certe
721 1898 950 1986 membranas,
971 1896 1143 2000 librosque
1160 1931 1230 1974 nra·

166 2015 374 2118 nuscriptos‚
387 2016 474 2091 sicut
489 2032 754 2102 consueverunt,
769 2016 838 2113 ejus
852 2015 899 2087 rei
913 2031 1011 2088 testes
1026 2014 1139 2091 nullos
1152 2046 1229 2119 pro·

166 2133 313 2211 ducunt:
331 2152 387 2221 et,
411 2151 452 2208 nt
466 2133 706 2234 producerent,
726 2131 801 2232 quis
818 2158 931 2231 equus
948 2148 1069 2231 pretor
1091 2132 1229 2208 infirmis

167 2265 200 2322 et
215 2250 442 2325 titubantibus
465 2249 674 2323 librariorum
697 2246 895 2322 testimoniis
909 2246 1008 2321 fidem
1023 2244 1180 2335 baberet,
1197 2266 1229 2321 et

166 2365 348 2439 secuudum
366 2390 479 2436 eorum
496 2363 627 2437 tabulas
643 2362 733 2438 litem
751 2362 845 2435 daret
860 2390 868 2447 ;
899 2387 937 2433 ac
957 2390 1025 2435 non
1046 2362 1157 2461 potius
1174 2391 1227 2436 re—

168 2497 253 2552 taret
264 2477 442 2553 interdicto
451 2507 492 2552 ne
505 2478 648 2551 Ovidius
661 2476 699 2553 de
708 2480 845 2578 antiqua
857 2476 1082 2576 possessione,
1097 2493 1129 2548 et
1140 2477 1228 2550 velot

168 2595 212 2668 de
225 2594 314 2668 avito
325 2595 431 2668 londo
443 2593 656 2693 dejiceretur?
666 2592 743 2669 Atio
755 2593 971 2687 confugiunt,
990 2608 1021 2663 et
1031 2592 1228 2665 Ovidianum

169 2711 390 2787 characterem
408 2714 476 2782 non
492 2710 579 2798 eise,
598 2709 696 2783 nobis
709 2710 905 2811 persuadere
930 2724 1101 2780 conantur.
1126 2708 1229 2809 Equi·

169 2828 249 2903 dem
267 2827 295 2902 si
315 2854 457 2901 versarer
477 2828 514 2899 in
534 2826 617 2900 meis
635 2828 761 2916 numis,
781 2847 814 2902 et
837 2826 885 2900 illi
912 2855 1028 2927 parurn
1050 2825 1230 2926 locupletes

170 2962 302 3030 esscnt,
320 2972 423 3018 meam
451 2942 519 3017 illis
543 2936 826 3043 pecuniam'citius
843 2972 939 3044 quam
955 2942 1039 3016 istuc
1055 2943 1227 3017 crederem.

173 3059 274 3157 Quod
291 3077 401 3134 autem
421 3056 907 3145 nannetensem-Drusorum
928 3058 1028 3131 luisse
1046 3055 1228 3130 Albinova-

173 3202 270 3259 num,
288 3192 321 3249 et
337 3174 461 3248 idcirco
474 3173 543 3247 baec
557 3172 726 3273 scripsisse
737 3169 915 3247 inlaudem
933 3173 1055 3260 Drusi,
1070 3173 1164 3269 cujus
1174 3201 1229 3244 co-

173 3315 239 3365 mes
254 3291 291 3363 in
314 3290 488 3364 Germania
506 3289 640 3375 luisset,
657 3306 689 3360 et
704 3278 990 3383 navigationeniin
1008 3288 1141 3359 Oceano
1157 3315 1230 3359 ver-

175 3404 267 3479 sibus
285 3406 489 3495 mandasset,
505 3432 619 3478 eorum
642 3429 722 3504 pace
745 3402 901 3489 dixerim,
917 3403 1038 3476 frustra
1057 3419 1135 3477 sunt
1156 3431 1164 3472 :
1184 3401 1231 3473 si-

176 3521 307 3620 quidem
323 3550 361 3595 ex
383 3523 425 3597 iis
445 3523 528 3623 ipsis
549 3518 724 3605 versibus,
738 3518 805 3619 qui'
814 3517 976 3619 hodieque
999 3536 1127 3592 exstant
1143 3515 1230 3614 apud

177 3640 329 3711 Senecam
340 3694 349 3722 ,
362 3659 395 3713 et
406 3667 445 3714 ex
458 3640 614 3715 Cornelio
622 3628 757 3726 Tacitis,
774 3637 855 3710 satis
866 3630 985 3736 liquet,
999 3664 1066 3708 non
1080 3632 1231 3728 ad-hujus

176 3750 303 3837 Drusi,
321 3754 378 3825 sed
392 3754 433 3825 ad
452 3753 634 3829 Gemanici
649 3752 711 3825 lilii
727 3750 967 3845 navigationem
982 3777 1038 3821 eos
1054 3771 1165 3818 versus
1180 3770 1230 3815 re-

177 3867 256 3942 serri
265 3885 428 3966 oportere.
441 3870 508 3944 Nec
516 3870 634 3945 melius
643 3868 809 3954 divinant,
823 3895 923 3967 quum
935 3862 1135 3940 hariolantur
1146 3888 1232 3932 eum-

177 3985 252 4058 dem
264 4010 333 4057 esse
347 3983 480 4058 Celsum
493 3986 754 4069 Albinovanum,
771 3983 909 4059 scribam
926 3979 1053 4054 Tiberii
1067 3977 1229 4062 Neronis,

177 4101 336 4204 equalem
359 4121 389 4175 et
415 4099 605 4175 familiarem
629 4100 770 4179 florarii.
795 4104 973 4199 Nunquam
996 4094 1052 4168 ille
1078 4093 1141 4168 fuit
1164 4112 1229 4167 tam
