2768 4694
159 322 224 387 250
438 316 700 388 HERCULIS
725 318 940 386 CIOFANI

156 459 279 558 inquo
295 455 422 532 ordinis
436 459 574 532 minoris
595 459 830 545 observantiae,
857 485 962 558 prope
980 456 1101 530 moenia
1117 455 1222 533 tollo·

157 592 265 650 cotum
283 606 291 648 :
306 575 339 647 S.
358 575 523 678 Spiritus,
541 575 632 677 quod
649 593 699 650 est
715 576 871 677 princeps
890 573 1142 677 Celestinorum
1158 604 1221 651 coe-

156 692 315 778 nobium,
332 690 401 765 duo
417 690 520 764 millia
534 720 693 793 passuum
709 693 870 767 Sulmone
885 693 1009 768 distans
1021 693 1057 767 iu
1071 690 1222 794 Septem-

157 809 317 896 triouem,
335 809 399 883 sub
416 804 556 915 Morum}
569 811 692 885 montis
703 809 870 885 radicibus
886 810 1005 899 situm,
1019 829 1086 885 tam
1101 839 1224 909 magno

156 925 283 999 ambitu
301 920 497 999 etaedibciis
514 924 560 999 ita
576 925 740 1028 pulchris,
759 943 797 999 ut
813 928 848 1000 in
864 927 1017 1001 universo
1035 926 1223 1004 christiane

156 1036 357 1138 reipublice·
369 1039 471 1126 orbe,
483 1066 527 1113 ‘eo
548 1041 673 1138 majus,
699 1069 806 1141 eoque
823 1041 1028 1115 commodius
1042 1038 1111 1138 (ad
1127 1070 1219 1116 sum-

157 1182 246 1227 mum
261 1154 418 1254 quatuor,
433 1171 490 1228 aut
506 1154 653 1255 quinque
666 1155 849 1257 exceptis),
865 1157 999 1230 inventu
1014 1155 1151 1232 difficile
1163 1159 1222 1233 sit:

156 1273 191 1344 in
209 1273 273 1346 boc
287 1271 519 1347 monachorum
532 1272 713 1368 suffragio,
733 1274 790 1375 qui
804 1300 842 1346 ex
859 1273 1014 1345 omuibus
1025 1272 1131 1347 Italiae
1148 1303 1227 1351 mo-

156 1389 307 1464 nasteriis
324 1416 362 1462 eo
380 1417 415 1464 se
432 1389 624 1475 conferunt,
643 1388 747 1464 abbas
764 1387 865 1460 divini
881 1387 1028 1461 numinis
1049 1387 1226 1464 voluntate

157 1508 303 1606 spirante
323 1505 421 1580 tertio
447 1533 580 1606 quoque
602 1531 690 1578 auno
712 1501 913 1589 declaratum
933 1504 977 1577 D.-
1002 1503 1224 1606 Hieronymi.

159 1619 460 1721 quodrCapuccini,
477 1636 515 1692 ut
529 1617 717 1720 adpellant,
740 1617 909 1704 incolunt,
926 1614 1015 1690 mille
1039 1624 1156 1717 passus
1178 1618 1222 1693 ab

158 1733 399 1821 urbedistans,
414 1733 450 1806 iu
463 1732 634 1808 Meridicm
646 1751 752 1835 prope
765 1730 913 1807 (lasilum
926 1731 1146 1835 monticulum
1157 1742 1221 1833 po-

156 1851 267 1926 situm.
285 1852 372 1924 Sunt
387 1868 421 1925 et
436 1851 472 1925 in
487 1852 572 1926 urbe
596 1851 744 1952 quinque
765 1849 829 1924 alia
849 1850 1034 1944 virgiuum,
1056 1876 1129 1952 que
1143 1850 1220 1925 Deo

156 1966 271 2043 dicatas
282 1986 376 2053 suut;
391 1970 434 2040 D.
447 1966 568 2055 Clare,
581 1968 623 2039 D.
637 1968 836 2052 Catharinae,
850 1969 892 2041 l).
908 1967 1067 2054 Monicae,
1079 1968 1123 2041 l).
1137 1967 1222 2043 Cos·

156 2111 226 2171 mae,
240 2086 283 2156 D.
298 2085 453 2170 Antonii,
465 2084 594 2183 aliaque
607 2083 845 2184 quamplurima
855 2083 1126 2184 presbyterorum
1138 2110 1223 2156 curae

156 2199 349 2286 commissa,
364 2217 402 2272 ut
417 2199 473 2283 id,
491 2198 580 2299 quod
591 2198 691 2272 modo
704 2198 790 2282 dixi,
804 2201 846 2270 D.
862 2197 977 2271 Mariae
988 2197 1219 2285 Annuntiatae,

158 2315 243 2388 iuter
260 2341 337 2414 quse.
348 2331 381 2386 et
398 2312 488 2386 illud
499 2330 551 2387 est
568 2313 659 2386 Divae
677 2302 791 2385 Mariae
808 2311 849 2384 de
866 2313 1011 2398 Tumba,
1029 2311 1090 2385 ubi
1109 2311 1224 2385 Ovidii

159 2430 277 2504 adium
292 2458 371 2531 pars
386 2447 420 2504 et
436 2430 597 2532 templum
611 2429 711 2502 luisse
729 2428 879 2504 traditur.
903 2431 943 2501 lu
958 2429 1012 2502 his
1028 2445 1140 2501 autem
1156 2428 1224 2502 sere

159 2551 314 2624 omnibus
326 2548 437 2623 multae
450 2567 528 2623 sunt
545 2539 735 2624 sanctorum·
745 2544 906 2647 reliquie,
925 2577 996 2648 quae
1008 2546 1049 2620 ab
1065 2547 1224 2621 omuibus

157 2666 252 2739 urbis
277 2666 468 2740 hominibus
484 2684 517 2739 et
533 2664 694 2749 externis,
718 2666 811 2737 statis
837 2663 953 2737 diebus
977 2663 1223 2758 religiosissime

159 2780 318 2854 visuntur.
338 2783 518 2857 societates
529 2799 676 2881 septem,
694 2782 898 2883 sanctissimi
911 2781 1061 2881 corporis
1073 2781 1221 2871 Christi,

160 2893 378 2971 Sanctissimis
386 2895 578 2979 Trinitatis,
591 2896 667 2968 Divi
676 2895 796 2971 Jacobi
808 2893 978 2995 Apostoli,
994 2896 1089 2970 Divae
1104 2895 1222 2968 Mariae
1259 2907 1267 2932 “·

161 3006 374 3100 Angelorum,
383 3011 602 3085 Divmlllariae
613 3011 657 3083 de·
665 3024 838 3099 succursu,
849 3012 942 3084 Divae
954 3010 1067 3085 Mariae
1077 3011 1117 3083 de
1127 3014 1220 3085 Lau-

160 3146 254 3215 reto,
277 3147 311 3203 et
326 3133 647 3207 Sancta-Cmcis.·ln
662 3133 727 3206 hoc
743 3152 829 3209 artes
839 3159 1071 3235 paeneomnes,
1086 3156 1158 3230 quae
1175 3129 1219 3203 ad

160 3271 256 3316 usum
267 3242 448 3321 humanum
460 3249 648 3323 necessariae
660 3265 756 3349 srmt,
774 3249 884 3344 vigent
896 3246 1076 3348 :praecipue
1089 3259 1219 3330 autem,

162 3386 234 3459 quae
243 3385 305 3434 aere
313 3379 346 3434 et
353 3379 472 3441 stanno
484 3363 586 3451 fiunt,
604 3345 741 3465 quarum
752 3392 850 3465 opera
861 3364 906 3436 ita
919 3362 1103 3436 efferuntur
1114 3360 1224 3435 laudi-

160 3477 241 3563 bus,
256 3493 294 3550 ut
302 3477 336 3550 iu
344 3479 479 3579 Europa
485 3481 633 3555 universa
642 3479 689 3554 eis
695 3479 784 3584 paria
795 3478 932 3553 inveniri
941 3496 1113 3574 negentur.
1124 3477 1224 3573 Quo·

161 3623 234 3668 rum
247 3593 419 3668 artificium
437 3613 471 3668 et
487 3593 678 3692 elegantiam
697 3594 875 3668 admiratus
894 3592 1136 3667 eruditissimus
1155 3594 1223 3683 vir,

162 3709 284 3785 Paulus
293 3711 481 3796 Manutius,
491 3711 532 3784 ad
544 3714 593 3786 M.
607 3711 791 3785 Antonium
804 3709 952 3797 fratrem,
964 3712 1021 3814 qui
1032 3739 1152 3784 aereum
1164 3711 1224 3784 tri·

162 3828 248 3929 poda
260 3826 494 3903 benevolentiae
500 3845 693 3923 argumento
703 3828 744 3901 ad
758 3854 831 3900 eum
838 3829 980 3914 miserat,
989 3827 1076 3900 libro
1083 3831 1133 3900 Xl
1146 3856 1223 3901 sua-

162 3943 515 4047 rurnEpistolarumita
526 3943 657 4017 scribit:
668 3943 1025 4047 «Vesculoaereo,quod
1035 3943 1224 4017 admeHer

164 4092 181 4123 υ
198 4060 286 4135 cules
294 4059 393 4134 frater
402 4076 480 4136 tuus
488 4060 559 4134 heri
568 4058 699 4150 adtulit,
708 4059 791 4134 nihil
801 4060 985 4147 amabilius,
996 4086 1103 4159 neque
1112 4059 1146 4132 id
1157 4086 1221 4133 usu
