2768 4694
188 392 192 399 .
299 320 976 395 buscelertosuumottls.
1101 323 1175 429 *253

117 485 228 545 autem
241 464 327 541 cives
336 464 443 539 nostri
460 464 496 537 id
508 462 665 550 fecerint,
681 462 766 536 ratio
779 481 850 551 est,
868 464 946 564 quia
959 464 1067 538 Cesar
1078 464 1178 539 Marii

117 600 253 659 secutus
263 597 427 681 estpartcs
441 610 449 654 :
461 578 640 678 Pompeius
650 605 726 650 vero
735 577 831 680 Syllae
841 635 851 667 ,
860 579 917 679 qui
928 580 1061 680 quidem
1074 581 1180 683 Sylla,

119 715 161 771 ut
176 696 327 797 superius
342 695 580 791 cognorimus,
607 692 798 768 Sulmonem
818 692 918 767 deleri
944 723 980 767 ac
1006 695 1093 769 dirui
1113 697 1182 795 jus-

117 827 217 899 semt3
233 809 401 909 ideoquea
413 809 539 882 cesare
552 824 635 879 stare
648 804 833 880 voluerunt.
850 808 898 879 Μ.
906 805 1038 882 Tullius
1049 809 1181 896 Cicero,

118 924 177 999 lib.
191 924 295 1012 vlu,
307 924 349 997 ad
359 922 530 1007 Atticum,
544 921 628 993 banc
642 949 710 995 rem
723 920 823 1022 paulo
835 919 929 996 aliter
943 941 1070 995 narrat:
1082 957 1098 988 «
1109 923 1184 995 Sul·

119 1072 138 1105 »
151 1037 578 1138 mone,inquit,GAttium
589 1035 937 1135 Peliguumaperuisse
947 1037 1095 1108 Antonio
1106 1066 1184 1136 por-

117 1186 137 1218 »
153 1168 224 1237 tas,
239 1178 345 1250 quum
359 1167 468 1224 essent
482 1148 637 1222 cobortes
653 1149 799 1249 quinque
817 1177 824 1221 :
840 1148 884 1245 Q.
903 1148 1093 1221 Lucretium
1111 1149 1185 1224 iude

120 1300 141 1332 ‚2
158 1265 316 1359 effugisse
326 1264 408 1338 scis:
419 1264 551 1337 Cnaeum
560 1263 607 1335 ire
617 1262 830 1337 Brundisium
843 1262 1017 1337 desertum.
1030 1266 1187 1338 Confecta

125 1415 147 1448 »
162 1407 217 1455 res
225 1398 286 1455 est.
300 1412 318 1445 s
328 1381 375 1452 At
384 1395 489 1452 tamen
497 1379 601 1474 magis
611 1380 748 1466 Caesari,
768 1381 826 1480 qui
834 1380 934 1455 rebus
944 1382 1095 1476 gerendis
1107 1411 1187 1484 prae-

127 1515 217 1585 erst,
232 1524 328 1597 quam
338 1495 463 1571 absenti
475 1496 644 1584 Ciceroni,
657 1497 728 1583 cui,
742 1496 778 1569 id
791 1515 830 1568 ut
838 1496 879 1569 ab
892 1497 965 1571 aliis
976 1498 1186 1595 intelligeret,

126 1638 258 1685 necesse
273 1628 361 1697 erat,
379 1609 574 1685 medendum
592 1637 662 1684 esse
677 1610 831 1683 arbitror.
845 1612 997 1685 Orosius
1013 1615 1110 1686 etiam
1128 1613 1186 1687 lib.

125 1728 184 1814 vl,
193 1721 333 1824 cap.15,
344 1723 483 1797 Caesaris
492 1722 687 1797 sententiam
698 1723 888 1798 confirmare
896 1725 1043 1799 videtur:
1055 1761 1070 1792 o
1083 1729 1191 1804 Caesar

126 1872 186 1946 per
199 1840 401 1930 Antonium,
422 1859 474 1913 v11
490 1839 664 1927 cobortes,
681 1868 752 1939 quae
770 1839 861 1941 apud
875 1839 1065 1916 Sulmonem
1080 1873 1189 1918 mora·

127 1961 267 2047 bantur,
282 1986 303 2031 a
316 1956 470 2031 Lucretio
490 1954 618 2056 recipit.
640 1988 657 2018 »
669 1953 792 2042 Aliud,
815 1955 905 2056 quod
918 1958 1087 2031 adversum
1097 1958 1192 2033 illum

131 2073 249 2148 referre
266 2071 410 2175 possim,
428 2099 499 2144 uon
519 2069 654 2146 memini
675 2097 728 2144 me
745 2070 869 2166 legisse.
889 2072 962 2146 Nisi
978 2073 1116 2150 fortasse
1132 2076 1189 2164 id,

131 2189 219 2289 quod
235 2186 416 2289 Polybius,
430 2183 492 2258 lib.
506 2188 573 2275 lll,
588 2204 621 2259 et
634 2186 763 2273 Livius,
780 2185 838 2259 lib.
853 2190 973 2277 XXll,
992 2189 1033 2262 de
1046 2191 1192 2286 Pelignis

131 2306 301 2390 scribunt,
330 2302 388 2403 qui
404 2301 446 2374 ab
463 2302 648 2377 Hannibale
664 2303 822 2377 devastati
836 2324 936 2394 sunt,
956 2336 1024 2408 quo
1043 2325 1191 2409 tempore

129 2420 323 2493 Sulmonem
348 2444 482 2516 quoque
507 2417 616 2517 ipsum
638 2418 765 2520 aliquit]
782 2416 884 2491 cladis
901 2438 933 2492 et
952 2423 1084 2519 jacturae
1103 2450 1192 2494 acce-

129 2537 239 2635 pisse,
255 2534 310 2631 qui
324 2530 449 2630 judicio
467 2529 589 2630 pollet,
604 2533 696 2607 facile
713 2533 779 2607 sibi
798 2533 1020 2632 persuadebit.
1037 2536 1090 2607 De
1115 2533 1192 2607 Sul-

131 2675 231 2721 mone
248 2646 343 2719 etiam
358 2644 445 2717 idem
462 2644 600 2732 Livius,
624 2644 683 2720 lib.
705 2648 840 2734 XXVI,
859 2646 1000 2733 Strabo,
1018 2645 1077 2719 lib.
1100 2649 1141 2735 V,
1160 2665 1193 2721 et

135 2760 353 2846 Ptolemaeus,
371 2754 429 2830 lib.
457 2759 526 2843 lll,
556 2787 625 2858 cap.
657 2786 696 2849 1,
717 2763 945 2854 meminerunt.
971 2760 1100 2834 Habuit
1125 2762 1193 2836 hec

136 2893 250 2951 nostra
266 2873 346 2947 urbs
363 2871 542 2947 interalios
554 2875 645 2947 viros
658 2872 758 2951 claros
771 2896 941 2978 poctarum
959 2875 1089 2964 lumen,
1105 2878 1195 2953 Ovt—

135 3012 231 3068 utun
251 3022 259 3064 :
281 2990 490 3064 Franciscurn
506 2989 707 3077 Barbatum,
725 2992 781 3091 qui
798 2991 891 3066 miles
908 2993 1038 3086 regius,
1053 3011 1087 3065 et
1096 2993 1196 3092 juris-

137 3105 305 3183 consultus
320 3106 458 3180 eximius
474 3104 554 3193 fuit,
572 3102 754 3178 Petrarchae
768 3107 909 3190 amicus,
928 3107 970 3178 ad
984 3135 1080 3206 quem
1094 3107 1198 3208 ipsius

137 3241 264 3297 exstant
276 3218 423 3322 epistole
442 3249 449 3292 :
465 3222 718 3294 luuocmuruu
735 3219 816 3309 Vll,
833 3237 969 3293 roumr.
989 3239 1076 3295 nux.
1094 3224 1197 3296 cardi-

138 3339 224 3413 nales
249 3339 353 3425 duos,
372 3339 534 3412 loannem
557 3354 591 3411 et
609 3338 799 3412 Cosmatum
822 3336 1036 3427 Melioratos,
1054 3341 1199 3439 ejusdem

142 3453 307 3552 pontilicis
321 3453 431 3527 fratris
447 3452 534 3527 filios
553 3482 562 3525 z
580 3450 636 3525 ille
653 3451 826 3526 cardinalis
843 3451 883 3526 (le
903 3452 1056 3527 llarenua
1073 3482 1201 3527 nuncu·

140 3585 237 3667 patus
248 3585 311 3654 cst,
323 3585 356 3642 et
365 3569 612 3672 disciplinarum
624 3568 773 3641 omnium
786 3565 1104 3661 intelligentissimus
1117 3567 1200 3640 suit:

142 3682 198 3755 bic
215 3679 386 3756 cardinalis
403 3683 442 3759 (le
459 3683 609 3772 Ursinis,
627 3698 726 3781 atque
745 3682 878 3776 ingenio
890 3680 1199 3782 perspicacissimus.

146 3795 353 3871 ludovicum
379 3795 588 3873 lllelioratum
613 3797 716 3872 Firmi
744 3796 925 3898 principem
941 3853 950 3883 ,
969 3798 1026 3897 qui
1046 3794 1204 3867 exercitus

147 3912 241 3987 ducis
265 3910 445 3985 Mediolani
469 3915 640 4015 prefectus
659 3931 692 3987 ct
714 3913 892 4014 imperator
917 3914 1008 3986 luit:
1031 3911 1208 4010 episcopos

33 4060 36 4063 ·
144 4023 350 4113 nonnullos;
376 4043 409 4100 et
423 4027 572 4102 Marcum
587 4029 735 4113 Probum
748 4028 799 4103 sni
814 4026 973 4131 temporis
984 4043 1115 4128 poetam
1128 4025 1208 4101 satis
