2768 4694
164 338 225 401 108
491 336 531 400 P.
559 335 737 405 0le11
763 335 894 402 vl‘rn

155 491 249 561 rent,
266 472 464 576 eligecentur
479 504 498 548 a
515 476 778 569 magistratibus,
795 504 812 549 e
831 473 953 575 quihus
970 471 1099 546 tribuni
1113 471 1224 572 plebis

158 604 389 687 senatoresque
399 586 530 676 fierent,
551 589 610 689 qui
621 606 715 684 gesto
727 588 897 662 tribunatu
910 603 968 661 aut
978 585 1162 660 retinerent
1173 615 1224 662 se·

155 701 321 777 natorium
336 703 484 778 ordinem
495 705 522 779 si
532 703 673 794 vellent,
691 721 750 778 aut
761 704 880 777 iterum
896 701 1043 776 redirent
1051 701 1094 776 ad
1103 729 1224 803 eques·

156 833 239 891 trem
258 826 280 889 ¹.
304 819 379 892 Jam
394 835 503 893 autem
519 836 634 893 noster
649 847 688 893 ex
705 818 874 919 equitibus
890 816 1074 902 r'llustn'bns,
1099 817 1129 890 si
1147 819 1222 918 quis

155 958 317 1030 unquam,
336 929 491 1032 pluribus
505 953 580 1008 aute
588 933 777 1035 predictam
789 931 934 1029 Augusti
950 928 1053 1024 legem
1070 930 1169 1006 annis
1180 932 1224 1004 ln

154 1046 303 1120 &horum
320 1047 481 1139 induerat.
500 1049 575 1124 Alia
590 1050 729 1152 proinde
745 1049 831 1123 ratio
849 1044 1033 1149 quaerenda.

205 1160 423 1237 Casaubonus
441 1173 453 1202 ²
469 1183 578 1239 autem
591 1167 698 1241 lassus
711 1164 777 1238 sibi
790 1164 1030 1263 incompertum
1046 1187 1138 1249 esse,
1155 1189 1222 1262 qno

157 1294 305 1378 tempore
329 1280 466 1381 coeperit
492 1311 566 1356 mos
590 1280 646 1355 ille
671 1281 774 1357 latum
796 1279 923 1354 clarum
946 1307 1022 1352 eum
1038 1275 1128 1351 virili
1146 1294 1224 1374 toga

157 1395 329 1484 sumendi,
347 1396 498 1472 adfirmat
512 1415 620 1472 tamen
633 1395 717 1470 illud
728 1412 853 1470 certum
863 1423 952 1482 esse,
963 1395 1011 1467 ita
1020 1419 1141 1494 nempe
1152 1391 1224 1467 lieri

157 1510 291 1585 solitum
315 1513 352 1584 in
378 1512 641 1614 splendidiorum
663 1512 812 1612 equitum
833 1508 971 1600 liberis,
997 1527 1097 1611 atque
1118 1509 1154 1582 id
1169 1537 1224 1584 an

158 1655 257 1722 gnere
275 1627 368 1728 quod
387 1627 528 1703 Ovidius
552 1628 592 1702 de
618 1655 652 1702 se
676 1645 787 1703 narrat
803 1629 884 1717 hoc,
903 1654 1000 1728 quem
1022 1643 1220 1714 tractamus,

156 1741 239 1817 loco.
255 1778 272 1809 «ι
287 1745 408 1840 Quod,
423 1743 487 1832 ait,
505 1744 628 1819 sactum
640 1773 710 1820 esse
723 1761 848 1821 certum
862 1761 912 1818 est
925 1742 1023 1817 tertio
1036 1737 1086 1816 vel
1100 1758 1221 1841 quarto

159 1893 177 1926 »
195 1888 281 1934 anno
307 1862 435 1937 circiter
459 1880 537 1963 post
559 1862 704 1958 Augusti
722 1861 757 1934 iu
778 1861 896 1935 urbem
918 1858 1061 1934 reditum
1086 1885 1106 1931 a
1131 1856 1219 1931 'victo

158 2011 176 2043 »
196 1979 367 2067 Antonio,
388 2014 405 2044 »
424 1979 458 2052 id
476 1996 543 2066 est,
561 2008 649 2054 anno
665 1983 708 2053 U.
727 1980 765 2053 C.
783 1995 970 2065 mcxxvii,
986 1975 1037 2050 vel
1051 1993 1218 2077 sequente.

157 2095 244 2169 Dein
259 2095 351 2170 addit
366 2127 374 2170 ε
397 2131 413 2160 «
430 2096 504 2169 Sive
516 2125 555 2170 ex
568 2094 713 2191 Augusti
730 2094 982 2180 constitutione,
1002 2091 1069 2166 sive
1082 2120 1121 2166 ex
1135 2089 1220 2166 alius

159 2241 177 2275 »
196 2209 405 2311 imperatoris
429 2212 659 2301 innovatione,
683 2238 752 2284 non
770 2210 816 2282 ita
832 2208 897 2283 luit
919 2207 983 2281 hoc
1005 2207 1059 2306 jus
1076 2209 1221 2309 promis·

160 2360 177 2392 »
199 2357 313 2417 cuum,
324 2345 363 2401 ut
375 2328 444 2401 sine
454 2329 643 2423 cognitione
655 2327 815 2428 principis
828 2328 979 2427 usurpari
992 2345 1106 2427 posset
1119 2357 1127 2400 :
1140 2328 1221 2429 quin

159 2480 177 2510 »
196 2464 308 2546 patres
328 2445 362 2520 id
380 2447 422 2519 ab
440 2474 478 2520 eo
496 2446 608 2522 liberis
623 2446 712 2535 suis,
737 2475 820 2546 quos
846 2445 1054 2520 destinabant
1074 2446 1220 2547 reipubl.

160 2595 177 2626 n
198 2561 499 2652 administrationi,
524 2563 692 2665 petebant.
713 2595 731 2625 »
752 2559 806 2634 Ad
823 2560 968 2634 eamdem
984 2562 1146 2662 principis
1168 2563 1221 2637 in-

157 2679 360 2777 dulgentiam
380 2678 437 2754 alii
458 2708 591 2781 quoque
616 2676 704 2752 docti
731 2676 793 2748 viri
813 2675 824 2715 ³
843 2676 921 2751 lmic
945 2676 1036 2751 nodo
1061 2676 1220 2753 solvendo

157 2813 348 2882 recurrunt,
367 2819 547 2893 omnesque
560 2791 701 2866 Statium
709 2820 776 2892 prae
789 2791 1073 2892 primis'advocant
1087 2811 1222 2882 testem,

158 2909 216 3010 qui
232 2907 291 2982 lib.
309 2911 368 2996 lv,
385 2907 572 3008 Sylv.v111,
592 2907 657 2994 ait,
675 2935 758 2983 vers.
779 2904 913 3006 59·62:

337 3062 445 3131 Quippe
455 3071 483 3115 et
493 3078 556 3130 opes
566 3069 593 3114 et
604 3061 679 3131 origo
688 3063 797 3128 sinunt,
808 3060 856 3114 hae
867 3061 878 3096 ⁴
890 3061 1010 3130 lampade
1022 3061 1108 3131 prima

336 3152 459 3206 Patritias
469 3152 567 3206 intrare
579 3150 662 3219 fores,
675 3151 725 3206 hoc
736 3152 804 3222 pube
814 3150 862 3205 suh
874 3150 942 3219 ipsa,

336 3241 365 3296 Si
377 3240 458 3294 modo
469 3259 552 3310 prona
563 3241 638 3294 bonis
648 3239 738 3294 invicti
750 3238 860 3295 Cessatis
871 3237 957 3292 adsint

337 3331 471 3399 Numina,
485 3331 609 3386 Romulei
618 3330 700 3390 limen
712 3330 813 3401 pulsare
824 3339 936 3385 senatus.

189 3489 199 3517 ¹
213 3481 275 3535 Vid.
287 3481 368 3536 Dion.
380 3480 422 3536 tib.
433 3482 507 3549 LlV,
520 3502 577 3553 pag.
590 3485 638 3549 542
650 3491 678 3536 et
691 3479 746 3548 543.

188 3571 201 3600 ²
216 3568 279 3623 Not.
291 3567 318 3620 in
332 3566 406 3622 Suet.
420 3567 487 3638 Aug.
500 3586 556 3636 cap.
567 3566 607 3620 tt.

188 3653 199 3686 ³
215 3652 316 3708 Theod.
330 3652 431 3707 Marcil.
442 3664 497 3706 not.
508 3651 536 3704 iu
550 3651 661 3705 Sueten.
674 3651 781 3718 vespas.
794 3669 848 3719 cap.
862 3672 894 3717 ²3
908 3650 1008 3705 Albert.
1022 3653 1127 3707 Ruben.
1136 3655 1169 3709 de
1181 3656 1223 3711 ne

157 3740 258 3796 vestiar.
271 3741 314 3793 lib.
327 3740 356 3805 l,
368 3759 422 3809 cap.
440 3741 482 3805 ¹4³
496 3736 589 3791 Octav.
602 3735 705 3788 Ferrar.
718 3735 834 3789 Analect.
846 3757 900 3806 cap.
912 3756 951 3791 so.

189 3825 201 3861 ⁴
218 3823 263 3878 Sic
281 3824 371 3877 lerunt
389 3821 457 3891 vulg.
468 3819 526 3874 cod.
539 3830 565 3873 at
579 3816 749 3872 Casaubonus
766 3819 812 3870 bos
828 3818 905 3888 legit,
920 3819 957 3873 uti
970 3830 997 3874 et
1009 3841 1086 3877 versu
1100 3843 1154 3894 seq.
1175 3844 1224 3894 pro

156 3911 211 3961 leuc.
224 3906 365 3961 Gerartius
376 3907 440 3957 Vero
452 3905 556 3954 hancei
566 3905 613 3954 hos
624 3899 750 3963 restituit;
760 3900 829 3969 quod
842 3922 953 3974 magnus
965 3906 993 3958 in
1006 3927 1034 3960 re
1047 3908 1134 3963 critica
1145 3909 1224 3981 judex

158 3988 198 4041 Cl.
211 3990 290 4042 Joau.
302 3988 374 4041 Frid.
386 3983 536 4039 Gronovius
546 4022 553 4049 ‚
563 3982 682 4037 Diatribe
695 3982 723 4035 in
736 3983 802 4038 Stat.
813 4005 838 4054 p.
852 3989 915 4054 288,
929 3990 1062 4057 probavit,
1076 3992 1114 4044 nti
1125 3988 1221 4044 etAlb.

160 4071 263 4128 Ruben.
278 4073 322 4126 lib.
335 4073 365 4135 1,
379 4088 433 4138 cap.
449 4069 479 4134 ¹4
492 4086 498 4120 :
511 4065 649 4124 Gerartius
660 4065 712 4122 scil.
724 4069 843 4140 censuit,
854 4070 966 4127 Statium
976 4073 1024 4130 lrac
1032 4074 1110 4146 Sylva
1118 4074 1222 4129 Mene·-
