2768 4694
192 344 252 428 ‚aa
524 334 561 410 r.
589 321 919 413 ovto'rrv'rra

185 482 271 561 anno
287 485 325 559 C'.
345 473 449 560 xxxi!
472 472 577 582 (male
594 484 682 585 apud
699 484 835 579 Pag'ium
848 467 1065 586 itx'xljthio
1082 480 1185 561 fliius
1200 503 1245 564 xx

186 596 361 704 compleiit
372 594 483 687 suum3
502 591 918 689 deindeannoc.·xxxn1‚
935 626 1003 701 quo
1014 599 1114 676 (laios
1127 588 1244 678 ultimo

185 715 463 811 mensis'rlugusti
473 714 526 788 die
536 701 770 789 anuum'aitutis
781 706 1123 810 xxtlingresslrs·est·,²
1132 713 1245 814 'io'gaiir

184 828 311 908 uirilem
328 832 500 917 sumsisse,
516 821 720 934 barbamque
734 831 902 937 posuisse?
917 826 1247 934 Qurei'ntm'prbtatio

186 946 286 1024 nimis
300 959 450 1020 contorta
463 944 529 1019 illis
539 932 809 1032 non‘vid'ebilrl'r,
825 946 882 1045 qt'ri
896 942 1158 1035 observaverint,
1172 947 1249 1023 Sue·

189 1065 316 1139 tonium
334 1065 454 1166 passim
470 1092 538 1138 uno
552 1080 664 1137 tenore
679 1090 811 1162 unaque
824 1061 962 1163 periodo
981 1061 1095 1163 plures
1112 1066 1249 1165 coujun-

187 1210 353 1280 gereres,
373 1182 415 1254 ad
435 1208 572 1281 quarum
590 1180 727 1281 primum
747 1178 848 1281 modo
871 1196 952 1253 nota
968 1181 1128 1281 temp'o'ris
1144 1183 1250 1284 adpo-

187 1299 247 1373 sita
268 1297 469 1399 spectaverit.
945 1294 948 1299 ’
965 1292 966 1295 “
1002 1290 1005 1295 ’

236 1423 285 1509 Ut
299 1437 338 1492 ut
354 1419 417 1503 sit,
432 1417 515 1490 'satis
529 1433 580 1490 est
596 1415 726 1489 novisse
743 1419 909 1490 Nasonem
925 1417 1057 1492 circiter
1067 1418 1154 1493 barto
1171 1432 1249 1495 reta·

189 1551 255 1605 tem
268 1549 301 1604 et
312 1530 450 1604 barbam
463 1558 525 1630 pro
538 1557 628 1602 more
641 1524 830 1604 solemniter
839 1520 1054 1618 resecatisse,
1064 1534 1250 1633 etjnt'enr'ltit

184 1647 301 1748 populo
314 1647 434 1747 legisse,
452 1645 596 1734 horest,
611 1643 763 1719 recitasse
776 1647 818 1720 ad
829 1646 967 1722 aliorum
981 1647 1080 1749 hujus
1095 1649 1153 1723 aevi
1165 1677 1249 1751 poe·

189 1785 294 1841 tarum
322 1765 443 1853 instar,
462 1790 603 1864 quorum
624 1763 895 1838 consuetudinem
912 1763 1038 1839 indicat
1054 1766 1250 1862 etssttxagitat

190 1880 344 1956 Horatius,
357 1883 482 1954 Nostro
501 1906 643 1966 coaevus,
655 1870 723 1951 :libss
738 1878 929 1966 Lbet-tv,
947 1905 1028 1952 vers.
1051 1872 1174 1979 73277.

352 2028 414 2080 Nou
427 2030 503 2078 recito
514 2023 653 2093 cuiquam,
667 2024 717 2078 nisi
730 2025 832 2090 amicis,
845 2023 923 2092 idque
935 2034 1038 2079 coactru
1046 2037 1058 2076 ¹:
1102 2052 1106 2059 ·
1145 2045 1147 2049 ⁴

352 2120 414 2172 Non
426 2118 522 2184 ubivis,
536 2135 657 2170 coramve
669 2115 833 2185 quibuslibet.
846 2117 877 2170 lu
891 2116 979 2170 medio
993 2117 1037 2186 qui

353 2209 454 2277 Scripta
467 2208 536 2262 Foro
548 2214 663 2270 recitent,
679 2207 844 2260 summoto:
858 2206 955 2277 quique
967 2209 1098 2264 lavantes:

242 2344 247 2351 .
352 2298 437 2352 Suave
450 2299 521 2353 locus
532 2299 588 2352 voci
603 2309 707 2352 resonat
718 2298 868 2352 conclusus:
879 2299 970 2353 inanes

172 2380 194 2433 ,'
244 2400 246 2405 '
352 2388 503 2457 Hocjuvat.

240 2508 297 2582 IV.
317 2505 516 2579 iuvenilium
533 2525 640 2581 autem
658 2506 771 2581 Ovidii
793 2508 973 2581 carminum
996 2535 1067 2607 quae
1086 2475 1250 2611 praecipbt

192 2625 291 2698 luerit
306 2626 459 2711 materia,
487 2651 562 2695 mox
579 2622 716 2725 ipsemet
732 2625 856 2724 aperit,
874 2624 984 2698 eadem
1008 2624 1143 2719 Elegia,
1168 2654 1249 2701 vers.

196 2741 241 2841 59
259 2757 291 2813 et
309 2739 379 2814 60:
887 2736 891 2742 ’
924 2749 926 2754 ”

354 2871 476 2923 Moverat
488 2869 622 2939 ingenium
635 2880 716 2925 totam
729 2881 830 2925 canuto
842 2848 892 2939 per
901 2870 993 2924 urbem

392 2958 505 3014 Nomine
518 2978 572 3014 uon
586 2979 649 3015 vero
661 2960 728 3017 dicta
741 2966 851 3017 Corr'm
862 2962 935 3017 milri.
1031 2971 1033 2976 ’

192 3078 242 3148 lta
259 3093 297 3148 et'
309 3077 422 3149 Amor.
441 3074 501 3150 lib.
515 3079 584 3165 Ill,
603 3053 695 3174 Eleg.
715 3097 883 3166 nl1‚vers.
907 3075 949 3150 15
965 3107 974 3150 ε

358 3213 453 3283 Quum
464 3211 578 3279 Theba,
591 3195 674 3283 buum
684 3214 768 3282 'l'roja
780 3213 881 3278 forent,
894 3195 977 3281 quum
992 3213 1099 3268 Cesaris
1112 3222 1181 3280 acta,

388 3304 527 3372 Ingenium
539 3305 621 3356 movit
633 3305 686 3358 sola
701 3304 810 3357 Certim
820 3321 920 3356 meum.

195 3449 234 3495 ex
243 3421 369 3521 quibus
382 3421 476 3496 facile
485 3421 685 3518 colligimus,
697 3421 854 3496 Ovidium
868 3419 980 3522 plures
995 3419 1104 3492 dehac
1117 3417 1252 3493 Corinna

195 3536 362 3637 scripsisse
378 3534 529 3630 Elegiae,
550 3565 647 3637 quom
669 3535 770 3610 bodie
788 3553 965 3637 supersunt
980 3537 1016 3608 in
1032 3536 1194 3608 Amorum
1211 3534 1251 3608 li·

194 3650 281 3736 bris,
297 3649 358 3722 nbi
373 3677 484 3750 paucae
501 3649 542 3722 ad
560 3679 644 3737 eam,
662 3650 710 3726 vel
727 3651 796 3749 ejus
813 3653 915 3748 gratia
932 3650 1059 3750 scriptae
1073 3648 1247 3724 habentur.

195 3766 324 3838 Caetera
337 3765 447 3837 forsan
460 3765 545 3838 inter
557 3763 612 3838 illa
625 3767 758 3840 luerunt
772 3770 929 3854 carmina,
947 3795 1018 3866 quae
1032 3765 1128 3839 addit
1140 3767 1248 3868 priore

194 3875 268 3950 loco
286 3908 318 3952 se
336 3876 486 3950 Vulcano
504 3877 689 3966 tradidisse,
702 3879 803 3952 Trist.
819 3883 878 3968 1V;
894 3901 1033 3968 x,vers.
1053 3879 1095 3954 δι
1117 3898 1150 3954 et
1166 3879 1234 3951 62:

356 4006 441 4060 Multa
454 4005 560 4074 quidem
572 4008 674 4076 scripsi,
686 4006 732 4062 sed
744 4027 801 4078 quse
814 4009 903 4064 vitiosa
915 4011 1018 4080 putavi,

390 4096 575 4152 Emendaturis
587 4097 688 4168 ignibus
699 4099 754 4169 ipse
766 4098 834 4156 dedi.
