2768 4694
485 308 581 374 PER
605 308 637 372 J.
663 305 889 375 MASSON.
1150 306 1210 371 165

152 452 246 554 quod
262 478 351 552 opus
365 447 482 523 Meo
499 446 697 521 destinatum
719 447 841 534 fuisse,
861 447 982 521 docent
1004 446 1100 521 etiam
1115 474 1212 548 supe

153 570 262 644 riores
277 596 357 642 vers.
373 565 394 638 3
408 583 443 640 et
456 566 502 658 4:

317 713 377 767 Hoc
386 728 493 782 quoquc
507 709 582 779 iussit
594 710 694 763 Amor:
706 708 795 777 procul
807 707 884 773 binc,
896 707 986 778 procul
998 719 1051 763 este
1064 726 1177 762 serem

348 803 409 857 Non
420 799 483 855 estis
493 799 591 854 teneris
602 810 674 868 apta,
685 803 796 860 theatra,
813 797 905 852 modis.

204 932 248 1007 V.
266 933 316 1004 Ex
333 927 400 1002 illis
414 954 494 1001 vero
510 924 653 998 Nasonis
670 924 828 1024 operibus
840 925 959 1023 tragicis
973 923 1216 1024 laudaturprae-

156 1047 265 1119 sertim
281 1044 324 1118 ab
343 1041 489 1141 antiquis
504 1038 639 1122 Medea,
657 1038 696 1111 de
711 1068 774 1138 qua
791 1057 906 1113 auctor
918 1038 1051 1135 Dialogi
1070 1040 1109 1112 cle
1127 1040 1215 1113 Ora·

156 1163 286 1236 toribus
304 1191 312 1233 :
335 1193 352 1224 «
369 1161 460 1242 Nec,
478 1157 524 1228 ait
543 1165 565 1242 ¹,
582 1153 671 1227 ullus
690 1156 796 1227 Asinii
813 1174 870 1229 aut
887 1156 1036 1230 Messala
1051 1156 1216 1235 libertam

160 1309 177 1341 o
196 1273 341 1348 illustris
352 1289 417 1359 est,
430 1298 524 1370 quam
537 1271 670 1342 tiron
682 1270 828 1355 Onon,
842 1287 898 1342 aut
909 1270 997 1344 Varii
1009 1271 1178 1372 Thyestes.
1195 1302 1212 1336 ι»

160 1387 392 1487 Quintilianus
410 1397 423 1425 ²
439 1414 567 1488 quoque
585 1385 671 1459 idem
690 1413 774 1486 opus
791 1383 941 1459 extollit:
962 1422 979 1452 α
998 1390 1125 1461 Ovtnll
1138 1391 1215 1461 Mr-

163 1538 180 1570 »
200 1523 291 1591 mit,
317 1503 438 1604 inquit,
464 1501 593 1576 videtur
613 1501 694 1574 mibi
716 1500 885 1575 ostendere
910 1521 1069 1602 quantum
1086 1504 1137 1576 vir
1159 1501 1215 1576 ille

162 1653 178 1683 »ι
197 1636 352 1720 prestare
365 1616 528 1718 potuerit,
547 1616 575 1691 si
593 1616 725 1710 ingenio
749 1643 809 1689 suo
827 1634 1025 1717 temperare,
1046 1647 1142 1718 quam
1164 1619 1215 1691 in-

160 1768 177 1799 »
195 1733 331 1829 dulgere
347 1731 526 1808 maluisset.
543 1767 561 1798 »
584 1731 797 1806 Recentiores
814 1732 1005 1807 omittimus.
1053 1763 1056 1768 ’

559 1900 822 1924 mmm

302 2059 384 2127 Auno
394 2085 455 2128 aute
469 2073 537 2138 (λη
549 2074 584 2128 U.
597 2073 629 2128 C.
640 2087 761 2138 necuim
775 2072 862 2128 Ovidii
875 2091 931 2127 run
942 2085 968 2128 et
982 2091 1057 2128 mm

184 2212 304 2269 COSSO
319 2214 435 2270 CORN.
447 2213 639 2282 LENTULO,
654 2215 682 2267 L.
697 2213 917 2268 CALPURNIO
930 2214 1066 2269 PISONE
1079 2214 1179 2270 COSS.

202 2357 229 2428 l.
259 2358 355 2449 HUlc
382 2354 578 2427 citissimum
604 2384 688 2428 anno
720 2353 809 2425 venit
835 2352 1103 2440 adscribendum,
1122 2354 1213 2454 quod

163 2471 299 2545 Ovidius
316 2472 400 2559 sibi,
424 2470 513 2544 edita
528 2470 592 2568 jam
609 2475 690 2545 Arte
706 2470 889 2554 Arnutou'u,
910 2471 1085 2566 obtigisse,
1105 2474 1212 2559 cauit,

162 2586 260 2659 Trist.
276 2587 333 2662 lib.
348 2590 399 2675 ll,
415 2589 530 2662 Artem
548 2585 654 2675 illam,
671 2616 741 2689 quae
754 2588 919 2688 praecipua
932 2588 982 2659 sui
998 2586 1103 2661 exsilii
1117 2616 1212 2662 eausa

164 2699 346 2790 dicebatur,
361 2703 447 2804 apud
463 2704 650 2799 Augustum
667 2702 851 2788 vindicans,
872 2729 955 2774 vers.
976 2700 1154 2803 539-546ε
1212 2740 1214 2747 ·

324 2847 378 2901 Noc
389 2866 486 2918 quoque
496 2889 504 2915 ,
509 2850 566 2916 liam
573 2853 671 2916 prdem
682 2849 777 2919 scripto
790 2849 951 2920 peccavimus
960 2867 1014 2902 uuo
1024 2870 1031 2914 ;

355 2936 512 3008 Supplicium
523 2940 622 3009 patitur
632 2957 683 2989 noa
695 2956 757 2990 rora
766 2942 841 3007 culn
852 2957 968 2991 novum:

323 3027 499 3099 Carminaque
509 3033 651 3088 ediderant,
664 3045 745 3095 quum
758 3039 782 3081 te
793 3034 885 3083 delicta
895 3038 1036 3092 notantem,

349 3124 465 3175 Pmterc'c'
471 3122 548 3175 toties
560 3122 619 3187 jure
631 3117 642 3150 ³
652 3118 754 3187 quietus
763 3139 842 3187 eques.

316 3211 406 3281 Ergo,
420 3212 648 3281 quelieoem'me'he'
656 3229 711 3262 nou
724 3208 840 3263 nocitura
852 3209 939 3279 putavi

349 3303 452 3373 Scripta
460 3321 557 3373 parum
567 3299 696 3371 prudens,
708 3318 779 3355 nunc
789 3320 903 3354 nocuere
913 3304 990 3355 seni?

317 3395 382 3447 Sem
392 3391 551 3446 redundavit
563 3397 652 3444 ceteris
664 3388 778 3443 vindicta
789 3389 875 3443 libelli.

162 3546 225 3616 quae
240 3549 344 3620 quum
362 3517 426 3592 sub
442 3519 494 3593 sui
512 3513 617 3590 exsilii
632 3544 670 3588 ac
686 3514 763 3587 anni
780 3517 826 3588 U.
852 3515 888 3587 C.
915 3533 1069 3589 necuit!
1092 3515 1214 3615 prinei-

190 3690 198 3718 ¹
218 3685 279 3755 Cap.
298 3688 335 3741 13.

189 3781 201 3808 ²
218 3777 300 3831 lustit
310 3778 354 3832 lib.
365 3782 406 3844 X,
424 3799 476 3850 cap.
489 3784 505 3846 4
519 3779 587 3833 :viel
598 3791 626 3833 et
636 3779 679 3833 lib,
692 3780 776 3845 Vlll,
793 3798 847 3849 cap.
858 3783 881 3832 5.

188 3864 199 3898 ³
216 3866 305 3935 Vulgo
314 3866 410 3936 legitur
419 3873 574 3937 inquietus,
593 3870 633 3922 vel
646 3869 725 3923 etiam
736 3869 765 3921 iu
782 3868 841 3922 coel.
855 3868 929 3924 MSS
943 3874 1100 3939 ebreque'etus.
1113 3861 1212 3932 Lipsius

159 3971 218 4005 vero
230 3951 264 4005 de
277 3950 356 4004 Milit
373 3951 450 4004 Rom
464 3952 509 4006 lib.
520 3954 532 4006 l
544 3993 552 4020 ‚
564 3952 663 4024 Dialog,
683 3971 714 4020 v,
734 3958 780 4006 e'lle
795 3961 906 4024 an'etus,
928 3953 1067 4024 legendum
1086 3948 1213 4000 censebat.

161 4034 255 4090 lllcliua
267 4046 358 4106 postea
368 4033 401 4089 el
416 4033 471 4091 uie
482 4035 643 4093 Heimimex
654 4039 736 4092 tribus
748 4037 860 4108 antiquis
871 4036 1010 4103 Mssjm
1020 4036 1116 4102 quiem
1124 4029 1213 4084 edidit·
