2768 4694
603 374 751 439 VITA.
1174 383 1219 448 83

154 516 332 595 amaverit:
351 539 439 613 quae,
466 528 505 585 ut
533 509 661 585 Plinius
681 529 712 585 ct
731 511 944 613 Tranquillus
966 515 1136 605 scribunt,
1161 519 1219 592 lla·

155 634 262 728 gravit
278 629 514 705 adulteriorum
539 627 691 714 infamia,
717 647 750 701 et
774 628 925 704 damnata
948 649 998 704 est
1017 662 1024 704 :
1045 662 1109 732 qua
1131 635 1220 711 dere

154 749 202 822 sic
223 746 381 822 Sidonius
396 762 495 847 poeta
510 774 518 817 :

350 895 387 948 ci
399 904 426 948 ve
436 892 554 948 mmm
567 910 616 960 per
627 890 764 944 numo„
797 873 801 880 '

313 1000 317 1005 '
351 987 471 1051 Notum,
484 985 554 1039 Naso
566 994 656 1047 tener,
670 983 821 1052 Tomosque
834 983 955 1050 missum,

334 1076 501 1161 'Quondam
514 1074 640 1129 casarea
653 1072 732 1125 nimis
745 1072 836 1142 puelle
912 1091 916 1098 ·

325 1170 329 1175 ’
353 1168 433 1223 Falso
445 1166 553 1220 nominc
565 1163 698 1218 subditum
716 1163 848 1217 corinna

159 1284 266 1381 Quod
283 1311 354 1356 non
372 1281 519 1368 videtur3
538 1280 629 1381 quia,
652 1279 679 1353 si
698 1280 743 1354 ita
757 1297 858 1368 esset,
876 1283 1016 1376 graviter
1031 1301 1064 1358 et
1084 1285 1222 1363 scienter

161 1401 198 1472 in
210 1398 359 1493 Augusti
367 1396 563 1496 majestatem
574 1394 767 1497 deliquisset
781 1396 939 1487 Ovidius,
954 1429 1021 1474 non
1030 1457 1039 1488 ,
1049 1420 1089 1475 ut
1097 1403 1224 1504 ubique

161 1513 231 1613 ipse
247 1510 384 1600 scribit,
402 1538 462 1612 per
475 1538 640 1598 errorem,
659 1529 693 1584 et
709 1512 895 1588 inscienter.
922 1516 1104 1605 Preterea,
1123 1547 1223 1617 quam

160 1631 235 1705 licto
250 1628 386 1703 nomine
403 1628 584 1701 Corinnam
600 1625 796 1728 adpellavit,
820 1633 964 1731 potitum
981 1661 1015 1706 se
1033 1652 1172 1710 testatur
1187 1638 1223 1709 in

161 1747 360 1833 Amoribus,
378 1743 466 1817 libro
483 1743 609 1843 primo,
625 1741 718 1837 Eleg.
736 1762 771 1831 V,
790 1744 922 1818 dicens:

325 1889 433 1963 Singula
446 1889 508 1960 quid
522 1888 655 1943 reseram?
665 1888 701 1942 uss
715 1909 769 1943 non
782 1890 908 1944 laudabile
921 1891 987 1960 vidi,

359 1983 396 2037 Et
405 1982 507 2036 nudam
520 1981 602 2050 prasi
614 1997 708 2049 corpus
719 1980 751 2033 sd
765 1999 845 2050 usque
857 2001 956 2036 meum.

327 2072 422 2128 Cetera
437 2074 495 2141 quis
509 2071 610 2126 nescir?
625 2071 682 2125 lassi
696 2072 871 2140 requievimus
882 2075 968 2128 ambo.

363 2164 526 2218 Proveniant
538 2162 617 2216 medii
627 2163 663 2217 sic
676 2162 741 2216 mibi
752 2184 819 2235 saepe
833 2165 894 2217 dies.

164 2286 291 2382 Quare,
312 2284 340 2356 si
360 2309 396 2355 ea
412 2280 461 2354 vel
479 2279 566 2367 srlia,
585 2279 634 2353 vel
651 2281 779 2386 neptis,
802 2281 852 2356 rel
870 2285 985 2360 ancilla
1007 2289 1160 2379 Caesaris,
1178 2292 1227 2365 vel

165 2425 380 2500 quecumque
397 2395 455 2470 alia
473 2395 574 2468 suerit
589 2396 634 2468 sic
650 2394 697 2468 illi
716 2425 804 2483 cara,
822 2416 861 2469 ut
880 2421 1052 2501 propterea
1070 2403 1228 2478 Ovidium

167 2511 359 2605 relegaverit
373 2539 382 2597 3
405 2538 473 2583 non
491 2537 595 2596 error,
610 2509 666 2583 sed
683 2509 790 2586 scelus
806 2511 941 2599 luisset·,
959 2543 1027 2588 non
1042 2516 1164 2590 inscius
1180 2519 1227 2590 vi-

166 2627 271 2700 disset
285 2627 425 2707 crimen,
444 2625 502 2700 sed
515 2625 620 2698 sciens
636 2626 775 2700 lecisset.
794 2626 910 2713 Adde,
934 2627 1026 2726 quod
1042 2629 1076 2701 iu
1091 2658 1164 2703 eum
1180 2662 1229 2705 er·

166 2771 279 2818 rorem
296 2742 414 2814 incidit
429 2743 493 2840 jam
510 2769 623 2831 senex,
650 2743 830 2816 Corinnam
849 2767 926 2816 vero
945 2743 1074 2842 juvenis
1090 2750 1227 2840 amavit;

164 2861 215 2934 sic
233 2858 322 2933 enim
340 2858 428 2932 dese
444 2859 530 2960 ipso,
549 2877 668 2961 quarto
683 2859 722 2932 de
738 2859 838 2932 Trist.
858 2858 952 2954 Eleg.
973 2881 1018 2933 x:

333 3006 461 3059 Carmina
473 3025 549 3076 quum
562 3006 662 3076 populo
674 3007 788 3074 primum
800 3006 923 3074 juvenilia
935 3007 1001 3074 leci,

363 3099 450 3152 Barba
463 3110 558 3153 resecta
570 3096 637 3149 mihi
648 3096 733 3160 bisve,
745 3097 856 3150 semelve
867 3098 925 3150 luit

331 3191 455 3244 Moverat
466 3190 620 3260 ingenium,
633 3197 714 3239 totam
726 3198 827 3240 cantata
838 3206 885 3256 per
896 3189 988 3241 urbem
1002 3227 1010 3254 ,

366 3283 480 3337 Nomine
489 3302 547 3337 nou
559 3299 621 3333 vero
631 3279 699 3334 dicta
713 3277 830 3333 Corinna
842 3279 915 3332 mihi.

166 3406 233 3478 Nec
255 3422 340 3505 puto
362 3403 417 3475 hic
435 3429 536 3500 eam,
552 3396 644 3499 quasi
667 3396 833 3494 gaudens,
861 3399 1082 3489 nominasset,
1109 3403 1135 3475 si
1161 3407 1230 3503 ejus

166 3519 305 3592 miseria
324 3534 357 3590 et
374 3514 476 3590 ersdii
495 3541 593 3587 causa
609 3512 734 3586 fuisset.
752 3510 959 3586 Credendum
979 3532 1064 3586 certe
1080 3535 1145 3604 est,
1171 3517 1229 3589 ali·
1316 3570 1318 3574 »

169 3629 254 3730 quid
267 3632 309 3704 ab
326 3630 446 3704 Ouidio
458 3656 522 3732 per
533 3653 673 3701 errorem
690 3625 812 3711 risum,
829 3625 1081 3727 cognitumque,
1099 3646 1137 3701 ut
1149 3657 1230 3727 pro-

169 3764 286 3848 pterea
300 3747 341 3818 ab
362 3746 488 3821 offenso
506 3745 660 3838 Augusto
679 3741 742 3817 sub
756 3740 848 3814 Artis
862 3743 1039 3817 Amatoria
1053 3744 1148 3842 culpa
1162 3744 1229 3815 To-

169 3857 415 3953 mosrelegatus
424 3863 475 3937 sit.
493 3857 558 3932 Sed
570 3856 727 3959 quidnam
739 3855 823 3930 illud
834 3857 942 3945 luerit,
956 3887 1057 3960 quum
1069 3857 1144 3929 sciri
1157 3858 1228 3958 ips'e

168 3975 339 4061 uoluerit,
364 3977 582 4075 nequidquam
607 3976 807 4074 querimus,
828 3975 1007 4076 praesertim
1033 3999 1154 4069 quum,
1186 4003 1227 4050 ne

170 4108 353 4194 queratur,
370 4089 504 4191 sieipse
515 4088 649 4200 jubeat:
780 4088 783 4093 ’
