2768 4694
158 316 223 378 280
487 304 884 377 DEDIGATIONES

156 466 213 522 aut
231 446 392 522 montium
407 445 537 543 fastigia
553 461 738 546 pertentat,
762 444 867 540 magis
882 442 1036 516 homines
1052 441 1224 532 oblectat,
1305 428 1320 461 ⁸

158 591 255 665 quam
280 560 330 635 sol
346 561 439 663 ipse,
459 589 557 662 quem
583 558 771 660 promittit:
790 558 835 631 ita
856 556 998 632 delicata·
1008 555 1064 632 illa
1081 557 1224 657 lingua,

157 698 227 754 tum
244 706 280 752 se
296 678 438 776 primum
456 675 712 762 commoventis,
737 675 888 775 puritas,
918 702 990 774 qua
1010 674 1108 775 prius
1125 705 1230 778 qnam

154 795 266 895 poesia
281 794 371 895 ipsa,
390 791 480 893 quod
496 819 565 864 non
582 789 679 864 multi
690 789 821 878 vident,
840 788 993 864 absoluta
1008 789 1073 865 luit
1091 820 1129 867 ac
1151 821 1236 895 peo-

155 909 256 995 secta,
275 908 369 1009 quasi
382 905 466 980 nihil
478 907 585 1006 majus
602 903 856 1006 exspectandum
870 921 973 991 esset,
992 903 1142 980 eruditos
1155 907 1235 981 ani-

156 1021 228 1095 mos
241 1021 275 1093 in
290 1021 538 1097 admirationem
550 1022 603 1095 sui
617 1020 717 1094 traxit
727 1047 763 1092 ac
777 1016 899 1091 defixit.
916 1017 1094 1106 Ceterum,
1110 1049 1239 1121 mem-

159 1137 336 1210 admodum
359 1162 500 1208 romanae
524 1163 576 1207 res
598 1132 680 1207 nihil
698 1162 789 1234 aeque
804 1133 976 1233 proprium
993 1150 1048 1206 aut
1069 1162 1236 1210 consum-

157 1273 281 1329 matum
292 1253 455 1339 habuere,
471 1281 507 1325 ac
524 1254 745 1350 majestatem,
763 1280 861 1351 quam
872 1279 910 1324 ex
921 1251 1153 1345 magnitudine
1166 1252 1235 1327 im-

158 1371 270 1470 perio,
288 1369 456 1442 severitate
476 1395 627 1455 morum,
650 1395 687 1440 ae
713 1365 886 1454 felicitato,
911 1367 1003 1440 Dens
1028 1366 1234 1444 immortalis

157 1485 300 1586 principi
318 1503 475 1559 terrarum
488 1482 617 1585 populo
628 1481 773 1557 fataliter
789 1499 931 1556 servarat
946 1512 953 1555 :
968 1482 1014 1556 ita
1029 1480 1071 1556 ad
1085 1499 1236 1583 poeseos

158 1601 326 1696 fastigium
342 1627 379 1672 ac
392 1598 539 1685 culmen,
559 1598 705 1699 quaedam
719 1599 826 1673 adhuc
841 1599 973 1673 deerant
984 1597 1139 1688 virtutes,
1153 1629 1233 1700 qnae

159 1712 277 1814 poesin
292 1711 406 1813 potins
418 1711 644 1800 absolverent,
657 1741 756 1814 quam
771 1712 891 1807 linguae
905 1729 1113 1786 venustatem.
1130 1715 1230 1786 luter

162 1858 244 1930 quas
262 1829 413 1926 majestas
430 1829 535 1930 prima
552 1830 627 1903 suit.
655 1831 739 1926 Quae
756 1829 791 1903 in
810 1829 909 1903 Publ.
928 1828 1066 1925 Virgilio
1083 1830 1231 1904 Marone

161 1962 251 2019 tanta
266 1944 350 2031 luit,
367 1961 405 2016 nt
421 1974 461 2017 ne
477 1943 593 2047 populi
611 1944 736 2017 romani
754 1943 888 2044 quidem
906 1943 1066 2043 majestati
1083 1962 1144 2019 aut
1160 1945 1230 2018 irn-

160 2060 244 2162 perii
270 2060 436 2135 concedat.
462 2062 534 2157 Qui
559 2063 760 2146 Homerum,
780 2062 912 2134 Graecias
934 2062 1037 2135 totius
1059 2063 1169 2137 Deum
1191 2091 1227 2137 ac

161 2196 351 2278 stuporem,
369 2176 433 2249 hoc
448 2175 571 2273 judicio
590 2204 628 2247 ac
643 2193 751 2249 mente
767 2174 869 2270 legit,
887 2195 925 2249 ut
940 2177 1056 2276 poesin
1069 2179 1142 2278 ejus
1154 2179 1225 2253 uni·

161 2321 286 2367 versam
310 2291 345 2365 in
371 2291 520 2365 ordinem
540 2291 705 2386 redigeret
731 2320 739 2362 ε
764 2290 809 2364 ita
826 2291 973 2366 imitatus
989 2291 1069 2378 luit,
1087 2311 1126 2366 ut
1141 2322 1225 2394 qnaea

161 2434 302 2507 cumque
318 2407 353 2478 in
372 2433 412 2479 eo
432 2407 553 2506 partim
570 2404 724 2480 vetustati
740 2407 845 2501 magis
868 2407 1103 2496 adscribenda,
1130 2438 1226 2511 quam

163 2543 284 2599 aetemo
301 2552 337 2596 ac
365 2521 613 2624 incomparabili
636 2537 741 2623 poeta
764 2523 862 2617 genio
887 2523 1078 2624 judicioque
1096 2544 1225 2615 essent,

162 2641 281 2740 partim
293 2637 542 2739 queaeriticis,
554 2666 637 2738 quos
649 2636 703 2710 ille
712 2655 764 2712 tot
774 2639 1011 2739 propemodum
1021 2658 1225 2741 quotversua

163 2752 299 2839 habuit,
317 2780 386 2824 non
404 2769 490 2825 recte
508 2748 677 2825 emendata
694 2769 750 2825 aut
766 2752 902 2825 inlarcta
918 2771 1046 2839 essent,
1072 2753 1126 2827 vel
1145 2756 1224 2830 vita·

164 2883 233 2952 ret,
251 2863 301 2937 vel
319 2892 380 2964 pro
398 2862 558 2957 dignitate
574 2868 686 2938 aeterni
713 2866 829 2968 populi
857 2869 1024 2968 expressit.
1055 2870 1168 2966 Quem
1190 2871 1226 2945 in

163 2999 256 3082 parte
267 2982 394 3082 operis,
409 2981 443 3052 in
458 3009 525 3080 quo
541 2981 716 3081 sepissime
727 2983 890 3079 adsurgit,
910 2985 1038 3059 curiosa
1052 2985 1158 3060 Flacci
1172 3014 1223 3061 ae-

164 3111 239 3168 cuta
257 3112 307 3166 est
323 3092 472 3166 felicitas.
494 3095 677 3168 Restabant
693 3097 801 3171 adbuc
818 3097 950 3198 reliquae
969 3099 1121 3185 virtutes,
1140 3127 1224 3199 quas

164 3206 217 3279 vix
234 3207 343 3279 animo
361 3225 595 3307 conceperant,
615 3209 672 3309 qui
689 3227 823 3284 caeteros
839 3239 905 3284 non
927 3213 997 3284 sine
1014 3239 1110 3285 causa
1122 3212 1226 3286 mira-
1283 3212 1292 3219 ’

162 3320 305 3394 bantur:
323 3318 472 3407 facilitas,
491 3321 696 3422 simplicitas,
711 3352 868 3412 acumen,
882 3353 918 3397 ac
933 3324 1105 3414 velocitas3
1119 3327 1227 3428 inpri-

164 3436 227 3510 mis
252 3453 362 3509 autem
378 3436 529 3510 suavitas.
552 3438 635 3532 Quae
654 3438 758 3513 virtus
779 3458 817 3513 ut
833 3457 883 3514 est
897 3459 1084 3515 caeterarum
1100 3443 1229 3541 prima,

164 3552 265 3627 itaer
283 3551 489 3627 bisconstat.
517 3554 601 3649 Qun
622 3553 657 3627 in
681 3554 780 3629 Publ.
803 3556 926 3629 Ovidio
945 3560 1098 3645 Nasone,
1115 3561 1229 3660 equite

164 3699 320 3758 romano,
340 3669 427 3743 salva
443 3669 565 3764 linguae
580 3672 737 3770 puritate,
755 3672 834 3748 tales
846 3692 923 3748 sunt
936 3705 972 3749 ac
990 3694 1110 3765 tanta,
1130 3695 1185 3765 ut,
1199 3679 1228 3752 si

165 3785 302 3860 aliorum
320 3785 479 3882 majestati
498 3785 610 3874 cedat,
631 3787 670 3861 de
687 3816 750 3887 qua
769 3789 948 3865 indiverso
966 3819 1081 3887 genere
1102 3821 1144 3867 ne
1169 3824 1227 3868 cu·

163 3900 277 3995 gitavit
296 3901 448 4002 quidem,
466 3896 594 3975 nullum
611 3902 751 4004 reperire
768 3906 896 4004 possis,
913 3909 965 3982 cui
986 3908 1020 3980 in
1036 3910 1131 4009 poesi
1150 3909 1224 3983 loco

166 4016 265 4091 cedat.
285 4018 349 4105 Et,
367 4013 456 4113 quod
474 4017 577 4110 magis
592 4018 772 4109 admirere,
791 4049 886 4097 nemo
910 4025 940 4099 ei
965 4042 1028 4098 tam
1053 4023 1223 4099 dissimilis
