2768 4694
481 357 578 426 PER
602 360 634 424 J.
661 355 887 425 MASSON.
1157 381 1218 452 ¹⁰7

152 496 287 585 tnnioe,
313 520 384 597 qua
400 493 438 568 in
454 494 555 580 clueo,
575 514 641 569 tam
658 493 725 568 lato
745 523 844 596 quam
859 512 1022 590 angusto,
1040 521 1222 597 purpuram

154 611 437 712 gestabati'bicet
455 612 543 684 enim
562 609 710 684 nondum
729 612 816 685 inter
833 611 983 686 eruditos
1000 611 1040 686 de
1060 612 1140 687 clavi
1150 613 1223 688 for·

153 757 209 807 ma
228 741 237 770 ¹
258 727 469 814 convenerit,
489 754 560 800 uno
587 716 696 800 tamen
725 754 782 800 ore
808 727 1223 830 confitentur,·utrumqne

157 847 275 922 chrum
299 844 404 921 latum
430 860 464 918 et
488 859 668 937 angustum
689 841 793 916 fuisse
810 870 1025 944 purpureum,
1053 870 1090 917 ac
1108 845 1225 920 tunice

157 960 332 1050 adsutum,
346 959 399 1035 vel
414 960 587 1033 intextum.

198 1059 436 1152 Orituretalia
443 1074 583 1175 queastio
594 1100 632 1147 ex
641 1073 755 1147 eodem
766 1074 910 1148 Nasonis
921 1101 1028 1162 versu,
1041 1075 1101 1175 qui
1108 1099 1225 1174 nempe

155 1191 599 1295 potneritnoster,·equestn'
617 1207 746 1263 tantum
769 1191 928 1286 sanguine
949 1209 1164 1291 procreatus,
1179 1193 1226 1265 lo-

158 1311 313 1386 sclaviam
338 1308 472 1383 induere
498 1305 659 1392 tunicam,
684 1334 756 1406 qnae
778 1307 923 1380 senatoni'
944 1306 1073 1381 ordinis
1100 1308 1229 1403 insigne

161 1426 287 1530 passim
312 1424 452 1498 babetur
472 1424 520 1497 ²?
542 1422 578 1496 Si
610 1423 801 1497 Manutinm
823 1423 1016 1512 audiamus,
1050 1423 1226 1498 dicendum

161 1546 238 1633 erit,
260 1578 279 1610 α
298 1541 486 1618 laticlaviam
502 1541 651 1616 omnium
671 1540 788 1631 fnisse,
802 1541 860 1643 qui
876 1541 927 1615 vel
953 1558 1048 1643 patre
1064 1561 1227 1630 senatore,

161 1699 180 1733 ι»
200 1661 252 1738 vel
270 1661 381 1765 equite
395 1661 465 1735 neti
481 1676 608 1746 essent;
624 1688 695 1734 non
719 1660 850 1761 quidem
875 1687 893 1733 a
915 1659 1032 1760 primis
1050 1662 1145 1735 annis
1170 1690 1231 1763 per

161 1811 180 1846 0
199 1802 331 1852 omnem
354 1791 505 1863 etatem,
523 1775 582 1849 sed
598 1774 641 1847 ab
657 1802 764 1861 anno,
783 1800 850 1875 quo
865 1771 970 1846 virilis
987 1790 1063 1868 toga
1085 1774 1233 1849 sumeba-

163 1928 182 1962 »
201 1878 275 1982 tur,
292 1892 334 1967 ad
345 1894 469 1966 annum
487 1892 594 1966 tetntis
611 1891 801 1979 senatoria,
819 1920 886 1992 quo
904 1891 1028 1966 curiam
1042 1892 1229 1989 ingredien-

165 2045 182 2076 »
200 2010 294 2084 tibus
307 2004 500 2084 remanebat
514 2007 662 2107 eiusdem
680 2008 798 2085 tunice
813 2007 867 2106 jus
885 2037 893 2081 ι
909 2008 961 2083 sin
980 2025 1088 2083 antem
1105 2027 1231 2084 senato

165 2160 183 2191 n
200 2125 282 2200 riam
304 2123 501 2222 dignitatem
522 2151 593 2196 101
615 2123 895 2224 adsequerentur,
922 2124 972 2198 vel
989 2125 1068 2227 qnia
1084 2124 1230 2212 nollent,

166 2274 183 2307 a
201 2240 252 2315 vel
278 2242 451 2343 quianon
477 2259 633 2341 possent,
658 2239 727 2316 lato
753 2239 844 2314 01110
861 2241 1034 2344 deposito,
1056 2260 1233 2339 angustum

165 2391 182 2424 0
200 2359 386 2433 sumebant.
405 2391 422 2422 »
442 2359 522 2430 Haec
540 2356 648 2430 omnia
665 2357 783 2431 doctus
805 2358 856 2430 vir
871 2359 955 2433 eruit
978 2386 1017 2433 ex
1034 2360 1098 2432 boc
1116 2357 1232 2434 Ovidii

164 2472 255 2562 loeo,
272 2475 330 2575 qui
348 2491 457 2548 tamen
485 2473 557 2572 ejus
584 2474 775 2546 sententiam
802 2472 946 2547 evincere
970 2474 1110 2574 nequit,
1128 2501 1231 2573 quum

167 2593 208 2668 ab
225 2595 372 2697 exemplo
389 2594 552 2690 singulari
568 2623 637 2668 non
648 2595 755 2669 valeat
771 2595 811 2669 ad
825 2592 997 2668 universos
1009 2594 1138 2693 equites
1153 2622 1231 2667 eon·

169 2716 358 2814 sequentia,
374 2731 469 2815 atque
488 2712 552 2787 alia
567 2715 677 2816 possit
692 2714 859 2810 adsignari
877 2741 974 2786 causa
1000 2739 1058 2787 cur
1070 2730 1185 2787 noster
1197 2712 1230 2786 id

165 2828 219 2927 jus
235 2827 400 2902 babuerit.

214 2944 349 3045 Lipsius
365 2942 377 2982 ³
392 2971 542 3018 verorem
554 2943 933 3041 strictiusintelligebat,
952 2971 1087 3019 censens
1104 2944 1230 3046 equites

169 3088 321 3135 romanos
332 3060 633 3145 illusum-tantum,
651 3058 792 3158 quinon
812 3061 946 3161 quidem
964 3079 1150 3149 senatores,
1175 3062 1232 3136 sed

171 3194 199 3250 et
212 3205 348 3252 censum
364 3175 533 3250 habebant
548 3193 581 3250 et
599 3201 690 3278 spem
706 3176 876 3252 senatorias
894 3176 1084 3274 dignitatis,
1106 3179 1232 3254 ordinis

170 3293 261 3368 etiam
277 3291 434 3368 senatorii
449 3291 600 3387 insigne,
618 3291 652 3363 id
665 3309 716 3367 est
726 3289 856 3380 ,latum
868 3291 994 3368 clavum
1006 3311 1159 3389 gestasse.
1171 3298 1231 3370 Ve-

168 3435 236 3483 rum
252 3409 304 3484 vel
322 3437 362 3483 ex
380 3408 443 3482 boe
460 3407 605 3482 Nasonis
622 3406 773 3508 exemplo
793 3408 1001 3499 confutatur,
1019 3410 1181 3511 siqnidem
1199 3410 1233 3482 id

169 3525 263 3599 refert
276 3526 318 3599 ad
336 3527 546 3621 Augustum,
566 3524 623 3624 qui
639 3551 728 3598 anno
742 3526 785 3597 U.
804 3525 842 3599 C.
862 3543 1004 3600 ncchlt
1019 3525 1125 3622 legem
1139 3522 1231 3612 tulit,

172 3654 209 3711 ut
224 3667 262 3713 ex
278 3639 467 3740 equitibus,
487 3639 630 3740 quinon
645 3640 759 3714 minus
775 3639 883 3713 decies
902 3643 1056 3716 sestertio
1079 3638 1232 3742 posside·

203 3796 212 3826 ¹
232 3792 294 3863 Qua
305 3794 336 3849 de
348 3816 378 3850 re
390 3796 550 3869 disputantes
561 3817 614 3867 pree
623 3797 737 3864 coeteris,
751 3795 809 3850 vide
819 3797 987 3866 Ferrarium,
1006 3799 1039 3854 de
1049 3801 1088 3853 Re
1100 3795 1234 3864 vestiaria,

170 3876 215 3931 lib.
226 3877 286 3945 111,
298 3897 352 3949 up.
365 3900 410 3946 ¹²3
427 3882 545 3937 Analeet.
557 3902 613 3953 cap.
627 3903 654 3946 1,,
666 3881 700 3946 3;
717 3891 744 3934 et
754 3880 869 3937 Rubeni.
884 3881 927 3937 lib.
937 3885 964 3952 l,
977 3903 1031 3952 ev.
1048 3902 1058 3933 1
1069 3918 1077 3946 ,
1090 3888 1177 3942 1,010.

202 3964 215 3994 ²
232 3960 298 4014 vid.
309 3960 418 4018 Sueten.
429 3965 457 4019 in
471 3965 538 4036 Aug.
550 3986 605 4035 cap.
616 3966 663 4032 38,
678 3969 726 4037 943
739 3963 768 4016 in
780 3963 840 4019 Tib.
852 3984 906 4035 cap.
915 3968 961 4033 35;
973 3966 1001 4018 in
1015 3959 1107 4015 Claud.
1119 3980 1174 4032 cap.
1184 3968 1236 4032 ²43

171 4043 240 4114 Plin.
254 4044 325 4098 Hist.
335 4044 398 4099 Nae
409 4045 451 4102 Ιῦ.
463 4047 601 4114 xxxllt,
613 4067 669 4117 cap.
682 4069 696 4100 2
708 4087 715 4114 ,
731 4047 778 4102 ete.

203 4127 214 4161 ¹
231 4130 294 4185 Not.
309 4130 338 4183 in
351 4128 436 4185 Tacit.
447 4130 541 4187 Annal.
551 4129 594 4186 lib.
607 4132 647 4186 xt
659 4170 666 4199 ,
679 4149 734 4199 cap.
749 4133 772 4197 4.
