2768 4694
485 104 582 190 PER
607 107 640 172 J.
667 105 901 175 MASSON.
1168 134 1232 204 ¹99

154 263 402 321 utt'ttttottutt
431 252 440 283 ¹
468 242 598 332 libros,
630 245 780 320 nundum
801 245 919 322 ultima
947 244 1026 320 lima
1044 247 1232 349 perfectos,

154 364 310 467 aliosque
327 392 385 440 sna
398 392 499 438 mann
516 363 632 466 posuit
643 382 781 440 moestns
793 366 828 439 in
841 367 918 463 igne
932 396 940 455 ;
959 365 1053 469 quod
1064 365 1138 440 susc
1152 396 1234 470 pru-

154 488 324 587 sequitur,
342 482 444 557 Trist.
463 480 525 556 lib.
543 485 576 569 l,
593 480 688 578 Eleg.
716 502 756 556 Vl
774 483 815 557 ad
833 485 1010 573 Amicum,
1039 484 1096 587 qui
1118 487 1233 562 Nostri
1304 560 1307 568 ,

154 599 296 698 effigiem
311 600 345 674 in
361 629 445 674 auro
463 598 613 687 colebat,
631 628 713 674 vers.
738 626 776 672 11
798 629 884 701 sqq:
1254 624 1260 631 ·

320 748 404 804 Grata
414 759 463 806 tua
474 759 515 803 eet
525 747 608 818 pictae
618 767 624 801 :
635 747 680 802 sed
692 754 807 802 camum
817 749 998 818 majoriam

355 841 428 896 Sunt
440 858 518 904 ωας
532 858 591 910 quie
601 839 702 892 mando
714 839 913 910 qualiacumque
925 840 1010 911 legam

321 930 450 987 Carmine
461 939 573 985 mutatas
585 929 727 983 hominum
741 928 962 998 diceutirsmas
972 946 983 995 ,·

357 1020 454 1077 Infelix
465 1021 565 1076 domini
578 1021 648 1092 quud
653 1020 722 1090 suga
733 1027 801 1090 rupit
810 1040 882 1090 opus.

328 1113 395 1167 Hoc
405 1130 453 1182 ego
464 1115 608 1174 discedens,
624 1113 691 1166 sicut
702 1117 762 1166 bene
773 1116 875 1167 'trulla'
886 1133 1008 1176 meorum,

360 1202 419 1272 lpse
430 1220 488 1255 mea
494 1208 572 1270 posui
581 1213 689 1256 moeetus
700 1207 727 1254 iu
738 1207 796 1270 igne
806 1222 887 1257 manu
898 1244 906 1269 ,
919 1214 968 1257 etc.

327 1292 378 1346 Vel
389 1292 458 1363 quud
469 1312 543 1348 eram
557 1294 666 1359 Musas,
678 1302 707 1346 ut
718 1293 830 1347 crimina
842 1304 949 1362 nostra,
966 1312 1073 1363 perusus
1085 1315 1093 1357 ς

357 1382 407 1438 Vel
417 1382 487 1453 quod
500 1382 588 1439 adhuc
600 1403 716 1436 crescens
727 1394 754 1437 et
765 1384 832 1437 rude
843 1404 943 1438 camere
953 1395 1017 1439 erat.

160 1500 275 1598 Quum
297 1517 404 1576 tamen
426 1501 492 1600 jam
508 1500 601 1574 illius
620 1501 932 1575 transmutationem
950 1502 1059 1602 operis
1077 1502 1233 1581 distractu

158 1636 270 1694 esseut
284 1617 449 1721 exempla,
465 1619 579 1694 noluit
590 1637 709 1720 postea
724 1622 832 1709 Naso,
844 1619 905 1693 ubi
919 1620 1063 1720 primum
1076 1621 1111 1694 iu
1124 1621 1231 1696 exsilii

160 1733 235 1808 loco
253 1735 337 1824 luit,
352 1734 389 1809 id
406 1735 546 1838 periret,
566 1755 667 1839 atque
690 1753 729 1810 nt
746 1735 883 1810 omnino
899 1735 1089 1832 vulgaretur
1103 1739 1230 1813 reniam

161 1849 219 1925 huc
236 1849 355 1947 Elegia
374 1850 477 1926 dedit.
497 1852 612 1950 Pergit
628 1852 741 1927 enim:

329 1998 401 2067 Quae
413 1997 538 2068 quonium
551 2018 606 2053 nun
616 2012 678 2055 suut
685 2005 788 2069 penitus
799 2003 915 2064 sublata,
928 2000 974 2055 sed
985 2010 1106 2064 exstem

357 2085 483 2138 Pluribus
492 2090 612 2154 exeeptis
621 2091 718 2156 sen'pta
727 2085 808 2139 luisse
822 2104 891 2138 reor.

322 2170 403 2223 Nunc
416 2188 511 2238 precor
521 2179 552 2222 ut
562 2170 666 2240 vivunt,
677 2181 705 2226 et
717 2190 773 2224 nun
786 2171 879 2240 ignava
890 2171 1022 2242 legentem

360 2254 424 2308 Otia
436 2253 584 2319 delectent,
599 2254 811 2326 edmoneantque
824 2260 894 2321 mel,
907 2268 956 2310 etc.

161 2369 254 2442 Idem
267 2398 353 2469 opus
366 2370 510 2445 etTrist.
524 2369 582 2443 lib.
599 2373 632 2444 ll
646 2371 686 2447 ad
697 2374 909 2469 Augustum,
925 2400 986 2447 ceu
998 2372 1147 2447 nundum
1158 2401 1229 2447 om·

164 2485 247 2557 nino
261 2483 411 2558 limatum
426 2501 605 2572 memorat,
620 2514 704 2560 vers.
720 2487 855 2562 6366:

329 2631 430 2701 lnspiee
443 2632 528 2700 majus
538 2651 618 2702 opus,
632 2631 703 2700 quod
713 2633 795 2690 athre
805 2636 861 2689 sine
877 2635 930 2688 sine
943 2633 1057 2703 reliqui,

362 2719 394 2772 ln
406 2737 461 2772 non
474 2717 621 2772 credendos
631 2736 741 2787 corpore
750 2740 822 2776 vem
838 2722 948 2784 modos;

331 2803 453 2857 invenies
464 2803 543 2856 vestri
558 2801 690 2871 preconia
701 2803 812 2858 numinis
825 2805 889 2873 illic,
903 2815 952 2860 etc.

167 2939 196 2994 et
211 2951 295 2997 vers.
315 2920 477 2994 555-562
492 2952 500 2994 :

324 3054 454 3123 Dictaque
466 3065 528 3106 sunt
538 3052 625 3118 nobis,
638 3050 757 3121 quamvis
769 3069 863 3106 manus
877 3051 969 3105 ultima
981 3064 1066 3124 coepto

359 3136 468 3205 Defuit,
483 3136 512 3189 in
523 3134 602 3190 faciet
612 3153 724 3204 corpore
735 3152 809 3189 verm
819 3154 916 3202 novas,
928 3147 977 3191 etc.

198 3282 207 3311 ¹
224 3279 514 3343 Mermoemosrou,
528 3295 584 3330 non
602 3296 666 3330 vero
685 3276 957 3331 Mutuonunosttos
969 3278 1048 3332 titulo
1060 3279 1137 3334 hoece
1154 3278 1233 3333 libros

167 3379 221 3415 esee
230 3361 425 3428 inscribendus,
436 3362 467 3415 cl.
480 3358 566 3415 Nicul.
579 3360 705 3414 Heinsius
717 3380 749 3414 ex
760 3358 914 3414 melioribus
926 3361 999 3415 MSS
1011 3363 1068 3416 cod.
1081 3361 1235 3430 contendit,

167 3445 244 3498 simul
263 3444 406 3512 adnotans,
426 3446 569 3516 genuinam
581 3445 661 3515 liujus
679 3444 808 3515 poematis
826 3444 1025 3517 inscriptionem
1045 3458 1144 3501 exstare
1164 3447 1234 3516 apud

167 3530 285 3581 Senecam
304 3540 404 3595 patrem
419 3528 489 3599 Epit.
506 3527 634 3583 Controv.
646 3528 689 3582 lib.
703 3529 763 3595 111,
776 3547 830 3598 cap.
845 3549 873 3598 7,
887 3540 914 3583 et
929 3531 998 3600 apud
1017 3531 1100 3584 filium
1117 3531 1145 3582 in
1159 3530 1235 3599 Apo-

166 3610 340 3682 colocyntoei,
358 3613 551 3667 Tertullianum
569 3612 669 3668 advers.
690 3613 910 3681 Valentinianus,
931 3613 1119 3685 Fulgentium,
1135 3611 1177 3666 lib.
1191 3613 1233 3666 lll

168 3697 341 3771 Mytholugici
353 3737 360 3763 ,
375 3699 495 3753 Servium
506 3719 536 3754 ae
548 3700 713 3755 Priscianum
725 3718 809 3770 ιαμ,
822 3711 871 3754 etc.
904 3716 907 3719 ’

200 3792 212 3820 ²
230 3789 310 3842 Trist.
324 3787 368 3841 lib.
382 3789 433 3853 lV,
448 3788 520 3861 Eleg.
533 3806 567 3855 x,
580 3809 645 3844 verr.
657 3791 689 3865 fit
703 3790 771 3858 etlid
790 3810 797 3843 ε
811 3813 825 3838 «
838 3791 910 3845 Turn
923 3806 1044 3858 quoque,
1058 3804 1142 3854 quum
1154 3787 1237 3859 luge-

170 3890 240 3939 rem,
260 3871 379 3942 quaedam
393 3871 517 3941 placitura
529 3874 661 3942 tremui,
674 3874 759 3928 lretue
770 3873 857 3930 studio
868 3871 1165 3937 carminibusquemeiu.
1173 3893 1186 3918 u
