2768 4694
156 347 221 413 302
490 336 889 411 Duntca‘rtotttts

157 485 313 559 biturum.
336 482 426 580 Quis
449 483 536 557 anim
565 510 636 556 uon
661 482 758 557 ridet
770 481 1028 583 procliviorem,
1056 482 1229 586 minusque

158 600 433 677 animadversioni
443 601 579 675 obvium
588 627 660 674 esse
668 601 790 674 erroris
799 627 836 674 ac
846 599 1093 700 depravationis
1105 599 1228 705 lapsum

157 716 193 790 iu
208 715 361 789 oratione
377 713 501 803 soluta,
518 742 616 817 quam
629 732 718 789 certa
733 715 856 815 pedum
871 728 1026 818 utenbura
1045 714 1229 792 adstricta?

160 831 228 906 sive
251 828 366 934 lapsus
389 830 446 907 ille
464 832 598 934 quidem
615 831 828 926 ingeniorum
842 826 971 902 accidat
986 828 1227 918 imbecillitate,

155 951 228 1024 sive
244 948 455 1024 librariorum
471 949 614 1037 incuria,
629 947 697 1021 sire
711 944 774 1020 alia
786 959 993 1046 quacumque
1007 943 1137 1048 culpa?
1152 947 1229 1023 Con

157 1083 209 1138 tra
229 1091 308 1138 uero
330 1063 426 1138 metri
449 1080 536 1137 certa
566 1080 600 1138 c't
622 1078 734 1137 exacta
759 1061 844 1134 ratio
859 1085 926 1133 uon
946 1061 993 1134 ita
1009 1061 1226 1138 facilc-locum

157 1181 240 1254 vitio
259 1180 434 1281 relinquit,
453 1196 512 1253 aut
528 1158 722 1278 corruptela
737 1175 803 1249 sive
820 1173 1040 1261 rocumfsive
1055 1181 1226 1255 anuntia-

157 1326 242 1371 rum.
258 1299 338 1370 Hac
350 1322 452 1396 quum
462 1295 508 1369 ita
517 1295 594 1380 sint,
608 1293 707 1388 digua
719 1309 806 1366 certe
813 1291 1028 1365 admiratione
1038 1308 1091 1368 eut
1100 1292 1227 1370 illo'ru'r'n

161 1410 357 1513 prudentia,
372 1408 431 1509 qui
447 1410 510 1506 (ut
524 1408 623 1481 initio
636 1405 730 1505 dixi)
745 1404 970 1508 philosophia
983 1433 1102 1482 arcana
1114 1409 1229 1486 fabulis

159 1527 389 1613 involverunt,
407 1523 602 1626 fabulasque
626 1525 717 1626 ipsas
731 1522 882 1598 verubus
899 1525 1228 1627 comprehenderunt.

160 1649 239 1744 Qua
263 1646 297 1719 iu
319 1672 379 1732 re,
409 1662 528 1748 praeter
551 1628 805 1717 commoditates
827 1641 990 1717 hacteuus
1005 1650 1228 1732 memoratas,

157 1760 290 1835 illarum
318 1776 471 1836 auctores
494 1759 591 1835 etiam
606 1757 784 1845 utilitatem
810 1757 860 1833 rel
882 1759 1026 1834 maxime
1048 1759 1227 1837 attendisse

159 1878 241 1952 milri
258 1877 431 1964 videntur,
450 1878 522 1979 qula
538 1872 615 1950 inde
628 1873 836 1951 redundabat
852 1874 893 1950 ad
908 1873 1104 1950 discentium
1123 1902 1228 1972 genus

160 1994 361 2069 uuiversum.
390 1993 506 2091 Quum
524 1991 632 2078 enim,
652 1990 688 2063 in
714 2004 804 2063 t'anta
825 1989 1035 2085 ldgcuiorum
1053 1989 1227 2079 malente,

158 2108 337 2183 admodum
352 2106 429 2182 illos
445 2106 578 2207 quidem
595 2106 780 2204 discrepare
800 2104 1116 2194 animadvertet-cut,
1135 2132 1227 2182 euro·

160 2225 262 2322 gitata
279 2222 348 2298 bac
364 2221 502 2297 docendi
516 2213 890 2309 'ratione‚'studuerunt
915 2220 1017 2296 veluti
1044 2223 1147 2315 cibo,
1162 2254 1226 2300 uno

158 2340 218 2415 illo
236 2337 388 2441 quidem,
401 2335 459 2411 scd
471 2337 609 2413 dirersis
619 2336 738 2412 affecto
753 2339 952 2438 saporibus,
967 2340 1120 2415 omnium
1134 2340 1226 2417 simul

150 2452 269 2556 'palato
287 2447 484 2525 satisfacere}
499 2455 648 2540 Etanna,
668 2450 754 2525 sicut
767 2451 1012 2526 esculentorum
1021 2453 1226 2554 capurtalitrr

159 2571 224 2645 alio
241 2567 372 2669 capitur
397 2585 497 2669 atque
519 2566 664 2669 jucunde
688 2585 875 2641 recreatur:
893 2567 940 2640 ita
953 2568 1185 2665 ingeniorum,
1200 2570 1225 2647 si

159 2718 224 2789 qua
241 2685 416 2774 obtusiora
433 2684 569 2758 suntad
589 2684 815 2787 perspicienda
839 2702 964 2759 natura
989 2700 1134 2776 secreta,
1157 2712 1225 2765 ver-

157 2829 254 2876 suum
268 2817 303 2874 et
318 2799 504 2875 fabularum
518 2800 698 2875 involucris
716 2801 883 2889 abstrusa,
903 2801 968 2875 lroo
987 2801 1105 2879 saltem
1118 2832 1159 2880 ex
1175 2805 1224 2882 his

157 2918 323 2991 commodi
339 2917 510 3005 auserunt,
528 2934 565 2990 ut
582 2914 740 2992 historias
758 2918 908 3018 ipsorum
924 2937 1141 3020 poematum,
1161 2950 1223 2997 uua

158 3058 234 3105 cum
251 3033 431 3106 carminum
447 3032 605 3130 elegantia
623 3053 656 3109 ct
672 3033 910 3108 modulationis
933 3033 1094 3112 suauitate
1114 3037 1222 3138 perci·

156 3145 274 3248 piant:
293 3176 366 3249 qua
382 3176 459 3222 veru
476 3178 516 3224 ex
529 3150 571 3224 iis
588 3149 689 3250 paulo
703 3168 781 3225 sunt
797 3151 964 3238 acutiora,
978 3153 1077 3226 etiam
1090 3179 1223 3226 sensum

158 3259 293 3336 illorum
310 3264 466 3339 moralem
479 3266 703 3366 adsequantur
719 3297 727 3342 ε
743 3296 814 3369 quae
829 3267 970 3367 denique
980 3269 1133 3370 utrisque
1146 3284 1225 3342 suut

159 3378 349 3452 excitatiora
364 3396 399 3454 et
415 3383 602 3478 sagaciora,
620 3399 740 3485 prater
764 3384 911 3458 historia
929 3386 1175 3481 coguitionem,
1194 3403 1225 3460 et

158 3522 288 3569 morum
306 3496 508 3585 doctrinam,
524 3499 560 3573 iu
574 3516 699 3574 naturae
714 3501 973 3588 obscuritatem,
993 3520 1024 3575 ct
1038 3501 1224 3601 astrologia

156 3638 195 3684 ac
213 3610 384 3709 theologia
409 3602 506 3716 adyta
527 3632 709 3717 penetrent.
737 3619 789 3691 lta
810 3645 878 3690 non
900 3618 1001 3693 modo
1022 3617 1221 3694 amoenitutia

156 3727 333 3804 oblectatio
344 3732 422 3805 inde
435 3732 476 3806 ad
489 3731 655 3832 supientia
668 3732 838 3807 studiosos
850 3734 972 3833 passim
985 3733 1221 3835 promanabat,

156 3847 215 3920 sed
231 3849 327 3924 etiam
344 3851 554 3925 maximarum
570 3850 750 3925 utilitatum
767 3852 958 3956 perceptio,
973 3841 1099 3954 quibus
1113 3880 1220 3929 recen

22 4003 30 4017 α
154 3965 365 4065 sendisprius
380 3983 509 4066 tempus
523 3995 620 4065 quatu
630 3967 981 4044 orationosdefecerit.
992 3970 1218 4068 Quamobrem

155 4078 231 4151 licet
247 4079 434 4154 fabularum
452 4081 588 4155 istarum
605 4080 796 4159 velamentis
813 4084 976 4160 occultata
992 4085 1136 4185 speciem
1153 4112 1216 4186 prr
