2768 4694
153 365 219 430 218
482 364 519 427 P.
553 362 738 429 OVIDII
765 362 894 427 VITA

151 503 238 576 nerit
252 499 310 573 tib.
330 502 346 573 l
364 527 404 573 ex
421 497 551 589 Ponto,
569 529 667 602 quem
685 527 784 600 supra
801 499 944 572 vidimus
960 498 1051 573 haud
1068 516 1148 574 ante
1166 501 1229 603 hy·

14 652 26 667 ·
151 617 291 692 hemum
308 614 408 712 hujus
424 616 503 688 anui
517 633 648 717 tempus
663 616 788 690 editum
805 615 907 688 fuisse
923 643 931 686 ε
945 613 1025 687 hinc
1038 616 1226 714 coniectare

152 734 249 823 lieet,
265 749 398 834 poetam
416 734 469 808 vix
486 753 562 808 aute
581 735 681 834 hujus
697 733 776 806 anni
791 731 890 830 finem
908 731 948 804 ds
964 732 1094 806 Tiberii
1104 736 1226 810 nium-

149 854 221 955 pho
240 851 421 940 audivisse,
447 870 547 954 atque
563 851 702 954 proinde
719 850 808 923 huuc
821 850 874 922 vix
893 868 968 924 ante
987 849 1138 951 hyemem
1155 880 1226 928 esse

153 970 301 1044 ductum.
319 970 391 1044 Nisi
409 969 576 1058 dicamus,
594 972 762 1043 Nasonem
775 967 854 1041 dum
867 967 1036 1068 Epistulas
1049 967 1112 1043 lib.
1124 973 1142 1043 l
1152 971 1224 1044 col-

51 1120 65 1155 ·.
152 1085 285 1183 ligera,
303 1085 448 1187 satisque
466 1085 648 1185 adjustum
669 1083 823 1158 volumen
845 1081 1002 1171 haberet,
1020 1081 1097 1157 illas
1111 1084 1154 1157 sd
1170 1113 1223 1159 ss·

153 1219 308 1303 quentem
324 1199 446 1274 librum
462 1227 625 1288 servasse,
644 1201 768 1301 quibus
781 1199 988 1300 triumphum
1001 1199 1173 1276 laudubtt.

201 1319 262 1390 IV.
280 1320 328 1390 Ut
343 1317 457 1401 nteit,
477 1344 579 1416 quum
596 1315 681 1388 nihil
699 1317 778 1391 serti
791 1316 853 1389 hac
868 1315 904 1388 iu
918 1345 954 1390 re
969 1315 1105 1392 definire
1121 1316 1224 1393 valen·

154 1462 246 1518 mus,
266 1433 345 1506 satis
361 1430 462 1505 fuerit
482 1447 687 1516 autumem,
708 1448 842 1531 poetam
859 1433 1011 1532 potuisse
1029 1433 1224 1509 citissimum

154 1547 216 1621 sub
231 1547 330 1645 hujus
341 1546 419 1619 anni
433 1546 556 1620 exitum
569 1574 749 1621 memorum
762 1545 891 1621 Tiberii
905 1549 1130 1650 triumphum,
1142 1577 1223 1651 prae·

155 1666 266 1748 sertim
282 1663 342 1737 tib.
358 1667 411 1754 ll,
431 1666 540 1766 Epist.
560 1684 586 1739 1.
606 1667 685 1740 Haec
700 1664 789 1739 enim
804 1665 927 1765 scripta
938 1666 1069 1740 videtur
1079 1667 1140 1741 ubi
1155 1667 1222 1769 pri·

156 1809 246 1854 mum
264 1780 304 1853 de
321 1778 381 1855 itto
398 1783 556 1856 nuncium
573 1799 757 1884 acceperat,
775 1781 937 1884 siquidem
953 1811 1056 1886 quum
1068 1782 1117 1858 sic
1132 1810 1222 1856 exor-

157 1923 213 1968 sus
229 1911 337 1968 esset:

320 2040 384 2095 Huc
395 2060 501 2110 quoque
515 2042 752 2112 Coesam'penenit
765 2042 835 2096 sama
846 2047 977 2112 triumphi.

353 2130 487 2203 Languida
499 2150 551 2200 quo
562 2131 622 2185 sessi
633 2134 674 2185 vix
685 2132 758 2186 venit
769 2151 832 2188 aura
845 2132 921 2196 Noti;

155 2263 266 2355 addit,
283 2295 365 2342 vers.
391 2293 518 2369 19-22:

319 2415 428 2481 Gratia,
446 2419 542 2477 Fam,
556 2415 619 2470 tibi:
631 2435 677 2486 per
689 2435 769 2484 quam
781 2427 894 2486 spectata
905 2420 1023 2484 tn'ampti

353 2509 458 2564 incluso
470 2508 562 2562 mediis
574 2517 613 2561 est
624 2506 689 2560 mihi
701 2526 798 2578 pompa
810 2506 891 2562 Getis.

319 2598 408 2654 iudice
422 2609 447 2654 te
462 2597 556 2664 didici,
571 2611 666 2652 itum
677 2597 783 2651 visenda
795 2600 875 2654 coisse

355 2695 511 2747 innumerus
523 2699 613 2758 gentes
625 2688 658 2742 ed
670 2688 741 2743 ducis
754 2710 801 2744 ora
812 2690 866 2757 sui,
879 2701 927 2744 ete.

158 2845 218 2888 nec
243 2817 327 2891 male
350 2816 532 2920 hyemalem
555 2834 781 2916 tempestatem
804 2819 995 2914 designant,
1016 2848 1090 2921 quae
1107 2839 1225 2920 postea

158 2929 261 3014 cauit,
280 2956 364 3003 vers.
385 2928 455 3002 25:

321 3075 365 3129 Tu
377 3077 440 3131 mihi
450 3077 559 3132 narrasti
570 3117 577 3143 ‚
591 3095 674 3146 quum
684 3082 770 3132 nulle&
781 3081 879 3131 lucibus
889 3089 949 3131 ante

355 3167 465 3221 Fuderit
474 3167 599 3221 adsiduas
609 3168 715 3223 nubilus
727 3170 825 3223 Auster
835 3188 930 3237 aquas,

320 3256 432 3312 hamme
444 3258 538 3314 celesti
549 3258 642 3313 Solem
650 3259 753 3315 {ubine
766 3279 908 3328 anuum,

358 3347 428 3401 Cum
439 3349 527 3419 popuii
541 3349 614 3404 vuttu
624 3350 798 3406 conveniente
811 3352 861 3407 die.

159 3473 229 3571 Qui
245 3472 316 3545 dies
331 3495 452 3545 servm
467 3475 530 3547 sub
546 3492 690 3548 aesutem
707 3475 790 3551 nihil
808 3476 883 3550 miri
899 3474 1039 3551 tulisset.

183 3618 187 3626 ·
207 3587 312 3684 Quod
328 3615 433 3688 porro
449 3586 645 3687 subjungit:

322 3735 409 3804 Atque
423 3736 459 3788 ita
470 3742 602 3800 vastarem,
618 3757 679 3792 eum
693 3757 789 3807 magno
800 3739 869 3794 vocis
878 3739 995 3807 honore,
1041 3815 1046 3828 ·

355 3828 456 3883 Mic·
468 3825 577 3885 ludatis
587 3833 655 3885 dm
666 3832 767 3886 dedisce
777 3830 838 3885 viris
848 3851 854 3884 ε

160 3947 344 4025 illustratur
366 3980 405 4027 ex
433 3950 549 4025 Velleii
572 3954 699 4040 verbis,
720 3984 792 4056 quae
816 3955 876 4030 lib.
904 3959 958 4045 ll,
979 3984 1049 4057 cap.
1083 3986 1172 4049 121,
1189 3987 1225 4034 ea

160 4064 407 4168 subsequuntur
429 4068 529 4144 modo
554 4072 593 4145 de
610 4072 674 4180 ltoc
693 4073 864 4178 triumpho
879 4077 1032 4178 pmlata:
1056 4110 1071 4140 «
1091 4080 1225 4177 Quem,
