2768 4694
167 296 228 379 oa
492 297 531 361 Ρ.
559 295 892 364 ov1o11v1re
929 339 932 344 .

162 465 264 536 quum
279 436 343 533 jam
362 451 500 537 quartum
519 433 624 511 exsilii
642 452 817 510 mannam
829 432 1041 523 vidissem
1055 449 1169 537 quarta
1180 434 1227 510 sa·

163 552 280 649 tigaret
292 550 409 656 lyceas,
429 550 592 627 urisusius
605 550 646 635 ad
657 580 730 625 eum
743 579 866 625 annum
879 550 1085 635 dooebimoa.
1101 550 1228 650 Hyems

161 687 290 757 autem,
309 698 382 769 quee
392 668 486 743 illum
502 687 612 744 secuta
626 689 677 745 est
689 670 909 772 triumphum,
923 667 989 743 dici
1001 683 1111 769 quarta
1120 666 1227 745 exsilii

160 784 315 860 Ovidiani
332 785 468 885 nequit,
488 784 551 859 nisi
568 786 691 861 Noster
711 812 798 859 anno
823 785 866 856 U.
891 784 930 857 C.
957 799 1122 871 octeni,
1140 782 1225 857 rele-

161 882 256 994 gntus
274 901 383 975 suerit.
531 976 542 1001 ,
615 997 618 1002 .

209 1018 241 1108 4.
260 1018 413 1118 Denique
428 1017 492 1092 hoe
503 1017 613 1119 ipsum
622 1017 865 1090 demonstratur
874 1042 912 1087 ex
921 1013 1011 1087 betto
1028 1013 1225 1087 Germanico

160 1130 284 1205 cladem
301 1133 472 1207 Varianam
482 1152 595 1208 secuto
605 1190 614 1218 ‚
626 1134 719 1233 cujus
730 1135 817 1206 Naso
828 1128 1086 1205 meminit'l'rist.
1102 1125 1162 1200 lib.
1177 1130 1226 1213 ll,

162 1279 266 1349 quem
282 1251 392 1325 statim
422 1279 458 1324 ac
487 1251 528 1323 ad
561 1248 667 1323 exsilii
691 1248 800 1322 locum
826 1265 1044 1348 pervenerat,
1070 1245 1227 1340 Augusto

159 1367 312 1467 scripsit,
336 1385 375 1440 at
398 1367 486 1467 apud
513 1393 588 1439 eum
615 1395 673 1440 sua
698 1365 878 1438 vindicaret
903 1364 1058 1450 crimina,
1084 1391 1229 1464 quornm

159 1510 256 1555 causa
273 1480 456 1556 exsulabat.
483 1480 613 1554 Ibidem
630 1479 718 1553 enim
741 1498 816 1553 vota
839 1510 902 1582 pro
920 1482 984 1555 hoc
1001 1481 1151 1583 principe
1165 1481 1228 1552 Ti-

157 1599 319 1700 berioque
334 1588 498 1686 suadeor,
516 1598 563 1674 ait
578 1627 660 1673 vero.
684 1597 866 1699 169-178:

319 1755 364 1809 Sic
375 1754 481 1808 adsueta
492 1755 543 1808 tuis
554 1772 658 1823 temper
674 1757 787 1808 Ve'ctm
798 1754 886 1808 castris

353 1849 427 1900 Nunc
438 1865 542 1916 quoque
554 1865 581 1900 ae
593 1856 713 1916 prestet,
726 1856 839 1913 notaque
851 1843 923 1911 aigne
936 1854 1022 1911 petat;

322 1939 515 2005 Ausoniumque
527 1940 613 1989 dacem
626 1937 707 1997 nolitis
716 1933 885 1989 circumvolet
896 1934 959 2000 alia,

354 2028 441 2081 Ponat
452 2037 478 2078 et
489 2025 515 2076 in
528 2023 610 2077 nitida
620 2025 708 2078 laurea
719 2034 788 2077 terto
796 2042 872 2076 coma
884 2044 890 2084 ;

321 2117 375 2170 Per
384 2112 464 2184 quem
476 2118 541 2167 bella
550 2121 631 2181 gent,
649 2115 723 2183 cujus
733 2132 800 2167 nunc
810 2126 920 2183 cot-pore
927 2134 1040 2183 pugnas,

356 2205 509 2275 Auspicium
519 2205 561 2258 c'ui
572 2204 617 2258 das
628 2203 742 2273 grande,
756 2204 879 2274 Deosque
891 2214 965 2270 tuom

321 2295 492 2364 Dimidioque
504 2298 543 2348 tui
554 2314 667 2365 prooem
679 2314 722 2360 es,
737 2305 763 2348 et
775 2294 882 2365 adspicis
895 2297 1005 2363 urbem,

352 2385 471 2440 Dimidio
480 2390 572 2453 procul
579 2405 621 2451 es,
634 2403 751 2454 saevaque
763 2390 830 2437 della
839 2392 912 2454 geris.
987 2396 989 2400 ‘

321 2479 374 2533 Hic
385 2477 430 2531 tibi
442 2477 478 2532 eie
488 2477 580 2531 redeat
589 2484 704 2543 superato
716 2476 798 2530 victor‘
807 2479 839 2530 ab
851 2481 937 2541 hoste,

354 2569 438 2637 loque
450 2568 581 2623 coronatis
589 2566 686 2637 fulgeat
699 2566 764 2621 atras
776 2568 856 2637 equis.

159 2712 244 2808 Quae
262 2711 348 2785 clare
364 2709 570 2813 significant,
588 2708 714 2786 bellum
729 2728 808 2786 tune
822 2714 977 2814 temporis
994 2714 1153 2804 saeviisse,
1174 2719 1226 2792 id-

159 2857 223 2928 que
236 2846 364 2929 gestum
378 2857 396 2901 a
410 2826 552 2912 Tiberii),
574 2857 672 2929 qoem
686 2829 861 2919 Ausoniam
875 2830 979 2904 ducem
992 2851 1103 2919 vocat,
1118 2851 1151 2908 et
1163 2864 1225 2936 per

158 2973 256 3045 quem
267 2949 439 3041 Augustus
450 2946 479 3018 ei
495 2944 616 3020 dicitur
627 2946 750 3020 dimidii>
760 2950 813 3020 sai
816 2975 954 3046 prosena
963 2950 1055 3037 urbi,
1066 2980 1102 3024 nc
1111 2953 1226 3052 procul

156 3089 238 3136 soeaa
253 3062 336 3135 bello
345 3089 458 3163 gerere.
479 3063 562 3159 Ejus
578 3090 695 3163 nempe
718 3061 844 3134 dimitte
861 3091 937 3168 pars
958 3083 1027 3138 erat
1041 3065 1220 3153 Tiberius,

159 3177 250 3279 qnod
260 3179 288 3251 is
296 3179 361 3276 jam
371 3178 415 3250 ab
428 3206 479 3251 an.
495 3178 537 3250 U.
553 3179 589 3252 C.
605 3197 770 3266 DcctVss,
787 3180 828 3252 ab
837 3182 991 3274 Augusto
1004 3180 1110 3256 fuerat
1124 3184 1223 3284 adop—

158 3309 255 3365 tatus.
273 3289 370 3365 Unde
387 3293 510 3364 Noster
525 3291 676 3392 superius
694 3289 734 3365 de
748 3290 805 3365 illo
823 3280 881 3368 ceu
894 3295 998 3392 'hujus
1017 3295 1084 3368 filio
1102 3325 1139 3369 ae
1157 3297 1224 3371 im-

158 3408 240 3510 perii
255 3407 373 3481 herede
392 3407 571 3495 cecinerat,
587 3436 668 3481 vers.
693 3404 759 3479 165
777 3427 809 3481 et
831 3407 920 3482 166:

316 3555 417 3624 Sospite
428 3555 464 3609 sic
477 3565 501 3608 te
512 3556 545 3609 sit
556 3567 633 3608 natus
643 3574 746 3625 quoque
759 3575 845 3626 sospes
855 3580 862 3620 ς
874 3569 900 3611 et
913 3558 976 3612 olim

351 3646 496 3716 Imperium
508 3658 580 3717 regat
590 3648 641 3702 hoc
651 3666 712 3700 rum
723 3647 825 3703 seniore
836 3667 922 3701 senex.

154 3790 364 3864 ltludaurem
379 3787 503 3862 heom
517 3790 552 3862 {n
569 3756 752 3875 Gemma)
776 3808 809 3864 n
823 3792 1049 3893 quiampm
1065 3793 1222 3868 me-

155 3907 243 3993 dem,
262 3923 389 4000 gestum
407 3904 525 3992 suisse,
544 3904 649 4006 liquet
667 3936 711 3999 ex·
723 3907 829 3994 trist,
850 3909 907 3984 lib.
935 3912 1004 3998 Ill,
1022 3910 1117 4006 Eleg.
1143 3932 1219 3999 ΧΗ,

155 4022 328 4119 (proximo
342 4021 516 4123 primoque
527 4046 600 4093 vere
617 4044 696 4122 post
710 4024 822 4100 Ovidii
836 4026 1068 4122 relegationem
1079 4030 1218 4129 scripta,
