2752 5136
472 797 570 864 PER
593 797 626 862 Ι.
651 792 887 862 MASSON.
1149 816 1216 883 ²29

151 937 276 1038 quibus
283 952 393 1039 patet,
406 934 576 1020 Marum,
594 932 688 1007 Fabii
703 932 839 1006 Maximi
855 928 1044 1029 conjugem,
1056 938 1077 1002 a
1089 931 1211 1005 Marma

151 1051 316 1152 Ptttppo,
333 1051 388 1153 qni
397 1051 544 1125 Herculis
554 1049 717 1124 Musarum
727 1047 827 1122 aedem
838 1046 971 1132 refecit,
985 1044 1209 1133 descendisse,

151 1168 218 1241 sive
235 1167 330 1242 suerit
344 1165 400 1241 itte
416 1168 551 1241 Marciae
565 1195 657 1252 arus,
678 1166 746 1240 sive
753 1178 854 1264 pater.
870 1165 959 1235 Eum
972 1190 1048 1235 vero
1064 1162 1210 1236 Torren-

153 1280 220 1356 tius
230 1280 352 1384 aliique
360 1282 427 1371 vviri
444 1280 535 1355 docti
551 1280 708 1353 adserunt
722 1277 824 1350 fuisse
840 1275 996 1349 Mareima
1012 1272 1209 1374 Phidiam,

151 1394 292 1491 Augusti
306 1395 447 1469 aitn'cma
459 1403 481 1466 ¹.
500 1396 545 1466 At
554 1395 675 1465 Noster
688 1389 773 1463 clare
787 1387 916 1490 prodit,
930 1401 1127 1472 materteram,
1142 1415 1212 1459 non

150 1537 224 1583 vero
237 1525 363 1583 matrem
374 1506 529 1602 Augusti,
537 1522 676 1605 nuptam
685 1504 776 1578 iltius
787 1503 866 1578 sedis
875 1500 1060 1577 restitutori
1074 1501 1208 1575 ’fuisse

149 1626 332 1727 Subiungit
347 1625 456 1710 enirn,
473 1649 554 1694 vers.
571 1620 641 1721 809
657 1638 690 1694 et
706 1619 777 1693 810
792 1649 800 1692 :

312 1771 398 1836 Nupta
409 1765 461 1821 tuit
472 1766 604 1836 quondam
616 1776 748 1821 matertera
760 1764 870 1820 Cauris
883 1769 924 1821 tlt·
930 1785 938 1818 .·

242 1917 245 1923 ,
349 1856 375 1912 0
388 1857 482 1926 deone,
495 1877 511 1910 o
521 1875 592 1912 saera
602 1855 701 1911 femina
711 1855 789 1926 digna
800 1855 899 1909 domo!

149 1972 249 2048 Unde
274 1973 372 2047 simul
393 1971 589 2069 intelligitur
617 1999 675 2047 cnr
709 1973 870 2061 Ovidius,
897 1970 957 2045 lib.
978 1974 996 2045 l
1018 2000 1058 2045 ex
1080 1972 1209 2061 Ponto,

147 2087 257 2189 Epist.
269 2107 316 2176 tt,
330 2117 422 2164 snam
434 2088 572 2163 laudans
584 2116 741 2177 uxorem,
756 2088 859 2177 dicat,
875 2116 945 2162 eam
954 2088 1106 2173 Marem,
1126 2088 1211 2163 sient

150 2218 181 2275 et
195 2218 272 2277 ante
283 2217 449 2278 materterae
465 2200 600 2278 Casan's
617 2201 768 2278 dilectam
780 2202 902 2290 fnisse,
917 2201 967 2276 uti
979 2230 1078 2304 snpra
1092 2200 1104 2241 ³
1117 2220 1212 2275 nota-

150 2318 264 2394 vimus.
281 2319 381 2417 Quod
398 2349 517 2423 nempe
534 2320 661 2394 Marem
675 2336 810 2395 matrem
823 2377 832 2409 ,
846 2317 898 2393 vel
911 2318 1025 2394 saltem
1040 2320 1142 2395 aviam
1152 2319 1210 2393 ha·

150 2435 261 2511 buerit
271 2451 458 2510 materteram
474 2435 629 2532 Augusti.
844 2456 847 2461 ·

199 2552 297 2628 Atius
320 2571 371 2629 est
388 2554 524 2657 insuper
547 2552 663 2642 locus,
686 2553 741 2651 hic
761 2582 829 2626 non
845 2553 1115 2654 praetereundus,
1143 2581 1210 2654 qno

150 2670 273 2743 Noster
281 2666 1210 2757 indicat,suamuxoremex'Fabti‘Maaimifamiliafuissn

151 2812 189 2858 aa
203 2785 357 2859 Marsuam
375 2812 582 2885 summopere
595 2782 758 2871 coluisse;
773 2782 897 2857 scilicet
911 2784 969 2860 lib.
990 2790 1042 2860 111
1058 2815 1096 2860 ex
1112 2787 1211 2858 Pont.

150 2898 262 3000 Epist.
276 2919 290 2971 t
302 2956 310 2987 ,
324 2926 408 2972 vers.
426 2895 537 2997 7578
552 2929 559 2970 :

316 3045 377 3098 Hoc
389 3046 478 3096 domui
485 3041 580 3109 debes,
591 3046 622 3095 de
632 3062 681 3112 qua
691 3048 814 3105 censeris,
830 3042 940 3096 mittam

352 3134 415 3188 Nou
427 3130 508 3202 magis
520 3130 626 3200 otfietis,
637 3152 716 3203 mam
726 3135 869 3204 probitate,
882 3132 958 3188 colas

327 3221 431 3276 Cuncta
442 3220 604 3287 Battiaden
616 3223 667 3277 uisi
677 3223 710 3277 sis
720 3223 869 3290 Mobilis,
880 3244 959 3286 utar,

355 3312 417 3367 Non
431 3311 528 3381 poterit
537 3313 608 3366 credi
620 3314 720 3367 namu
731 3319 799 3381 culte
810 3314 863 3368 tibi.

206 3427 464 3518 usamentum,
479 3457 586 3505 errare
592 3429 759 3531 Lipsium,
771 3460 876 3532 quum
888 3430 929 3503 ad
941 3429 1093 3505 Tacitum
1105 3451 1215 3519 natat,

154 3547 289 3621 Marciae
304 3546 457 3621 maritum
469 3574 539 3620 esse
555 3544 692 3620 Fabrma
707 3541 800 3619 illum
814 3546 1007 3632 Maxumum,
1025 3546 1084 3646 qni
1099 3549 1216 3623 consui

156 3661 221 3737 suit
233 3690 321 3736 anno
332 3660 428 3735 urbis
440 3676 584 3735 actuum
597 3658 718 3761 (capit.
733 3657 866 3759 nimir.)
881 3662 1003 3735 Verum
1016 3660 1115 3762 hujus
1128 3661 1217 3737 filius

155 3865 275 3923 prunus
295 3857 357 3912 huic
370 3857 467 3927 templo
487 3855 638 3926 adjunctam
652 3874 667 3908 a
680 3856 781 3909 Herem
796 3856 926 3922 Phr‘tmpa.
947 3852 996 3926 pro
1012 3874 1103 3922 more,
1122 3855 1198 3910 faisse
1210 3875 1218 3909 τ

163 3963 177 3988 ι
189 3941 275 4010 Vim,
285 3960 381 3998 oenoeo
389 3981 398 4008 ,
407 3946 532 4010 paream
542 3943 669 4010 Pdr'ts'ppr‘e
680 3939 711 3994 Si
723 3948 749 3993 te
760 3938 994 4001 sideritllereeles,
1009 3942 1128 4010 peristi.»
1141 3940 1219 3995 Adde

163 4024 407 4159 PffiibfflXV,
419 4042 473 4096 sep.
487 4042 518 4076 ro
530 4043 537 4077 :
549 4046 562 4072 a
571 4021 693 4079 Zeuxidis
705 4039 787 4076 manu
799 4022 891 4078 Roma
902 4023 1006 4077 Helena
1017 4024 1095 4078 estin
1107 4021 1220 4091 Philippi

165 4110 178 4135 Β
250 4109 281 4142 le]
331 4129 337 4141 .
349 4112 363 4137 Ι

197 4183 207 4213 ¹
224 4178 267 4233 De
277 4197 330 4248 quo
341 4180 450 4236 Sueten·
460 4163 502 4235 ΕΙ).
521 4182 566 4246 ΙΙ,
579 4200 634 4251 cap.
644 4180 677 4247 8,
689 4189 720 4235 nt
729 4178 775 4249 qui
786 4189 845 4248 post
858 4177 921 4232 tutti
934 4178 1043 4234 (luseris
1054 4194 1146 4231 neoern
1158 4193 1221 4228 coe-

162 4264 258 4317 sularrs
270 4271 345 4314 esset.

195 4356 208 4386 ²
225 4351 300 4405 idern
311 4350 415 4406 videtur
426 4370 455 4407 ae
465 4353 524 4419 ille,
544 4352 589 4422 qui
611 4354 736 4407 Tribunus
747 4353 831 4418 pletis
847 4349 924 4405 initio
940 4350 1006 4405 Belli
1028 4344 1117 4402 civito
1138 4345 1221 4397 Pom-

162 4436 249 4508 peiani
260 4455 268 4490 τ
280 4435 346 4491 (Συ.
359 4435 392 4491 de
405 4434 468 4494 Bett
482 4437 541 4492 civ.
553 4436 597 4491 lib.
609 4438 631 4491 Ι.

194 4526 206 4562 ³
223 4528 287 4598 Peg.
301 4531 354 4580 125.
