2768 4694
452 114 526 179 ET·
545 110 920 181 PRAEFATIONES.
1151 103 1216 209 3¹17

157 269 293 339 cerunt,
322 278 423 352 quum
449 278 507 324 eos
537 250 661 337 libros,
689 279 772 351 quos
787 250 825 323 in
842 248 958 323 exsilio
977 251 1132 351 scripsit,
1149 281 1217 326 uuo

158 376 339 477 eodemque
353 373 519 448 volumine
538 400 614 447 cum
626 400 683 447 sex
695 372 748 447 his
760 373 918 471 conjungi
933 370 1068 462 solitos,
1087 374 1221 450 scholiis

156 496 387 584 illustrusscm,
404 511 444 569 ut
459 494 495 567 hi
513 493 626 568 eadem
643 522 776 595 quoque
796 493 965 591 diligentia
987 512 1020 567 et
1043 494 1218 586 industria,

157 651 223 723 qua
234 621 269 694 in
282 618 437 695 illisusus
448 644 546 706 eram,
556 646 628 692 mea
639 617 674 689 in
684 616 790 691 lucem
802 617 982 719 prodirent.
996 620 1089 716 Quid
1099 612 1223 694 multu?

155 745 202 817 Ilt
213 742 274 830 iis,
289 759 324 816 et
337 740 535 841 quibusdum
548 737 622 815 aliis
637 738 731 829 viris,
746 767 888 840 qnorum
900 740 1140 841 propemodum
1156 743 1219 816 sub

154 863 295 966 imperio
312 891 386 937 sum
401 867 540 958 (uotum
556 862 642 935 enim
657 878 723 949 est,
742 889 843 963 quum
857 858 970 959 legum
986 862 1116 952 studio,
1132 862 1221 939 aliis·

159 1014 224 1086 que
236 985 381 1081 negotiis
392 985 455 1059 sim
469 986 672 1085 occupatus)
684 985 865 1084 parendum
879 985 980 1072 duxi,
996 989 1145 1088 puniris
1157 989 1221 1063 boc

162 1137 250 1183 onus
260 1109 341 1182 meis
352 1106 479 1183 viribus
488 1104 586 1202 longe
595 1108 702 1209 impar
714 1134 783 1182 csse
796 1108 962 1183 senserim.
974 1111 1102 1183 Horum
1113 1128 1220 1185 tamen

163 1259 260 1305 causa
283 1248 316 1304 et
336 1228 480 1331 impulsu
504 1230 532 1304 si
562 1231 642 1330 quid
668 1260 686 1303 a
709 1260 760 1305 me
783 1232 966 1333 prestitum
990 1231 1108 1320 suerit,
1134 1236 1222 1334 quod

163 1352 299 1429 cruditis
314 1351 459 1455 placent,
475 1349 628 1440 letabor3
647 1354 699 1429 siu
716 1355 846 1440 minus,
865 1382 922 1428 eos
938 1354 999 1428 hac
1014 1382 1085 1428 mea
1102 1338 1222 1430 voluu-

161 1495 248 1565 tate,
269 1505 333 1579 qna
348 1468 535 1579 praclarum
550 1475 694 1578 aliquam
710 1506 780 1552 rem
797 1495 949 1579 prestere
966 1479 1161 1581 cupiissem,
1184 1481 1220 1556 in

160 1600 275 1702 primis
291 1617 463 1674 contentos
479 1625 551 1674 esse
566 1598 669 1673 decet.
696 1599 749 1672 De
764 1599 902 1674 OVIDIO
920 1617 1028 1675 autern
1050 1601 1145 1702 ipso,
1164 1604 1221 1701 qni

161 1751 179 1795 a
197 1720 438 1824 sapientissimo
452 1721 677 1824 philosopho,
696 1722 832 1810 Seneca,
846 1739 1018 1823 poetarum
1031 1725 1224 1820 ingeniosis—

162 1846 262 1921 simus
273 1874 341 1920 non
355 1845 520 1920 immerito
534 1863 677 1933 vocatur,
693 1844 774 1945 qnid
790 1845 844 1918 hic
858 1844 990 1920 dicam?
1006 1846 1086 1947 quid
1100 1847 1139 1922 de
1153 1847 1223 1946 ejus

161 1971 196 2042 in
209 1994 416 2070 quacumque
429 1966 619 2070 disciplina,
631 1996 704 2069 qun
717 1968 788 2066 ejus
800 1967 905 2069 ipsius
917 1969 1020 2043 atatis
1031 1969 1223 2044 homiuibus

162 2108 242 2165 uota
253 2108 343 2177 erat,
357 2088 569 2190 prestantia?
579 2090 700 2164 Nonne
714 2088 768 2162 his
780 2090 997 2175 carminibus,
1012 2089 1135 2190 quibus
1149 2117 1224 2190 per-

165 2232 296 2288 secutus
313 2229 364 2285 est
379 2240 453 2312 quae
477 2209 519 2283 ad
540 2227 662 2287 veteres
684 2212 909 2285 Romanorum
931 2213 1016 2284 ritus
1035 2211 1201 2310 pertinent
1214 2236 1235 2297 ,·

167 2362 304 2435 queque
321 2314 398 2429 (hse
416 2332 547 2432 quidem
562 2333 597 2404 iu
611 2335 661 2431 re)
674 2331 789 2419 exilia,
807 2330 911 2418 nuda,
926 2331 1103 2431 jejunaque
1115 2348 1222 2420 eraut,

167 2456 239 2554 (sic
256 2457 347 2528 enim'
360 2455 419 2542 iis,
437 2453 495 2554 qui
516 2454 650 2527 materia
676 2453 847 2556 proposita
867 2450 993 2553 aliquid
1019 2450 1226 2526 scribendum

167 2577 370 2677 suscipiunt,
384 2576 420 2649 in
431 2604 510 2676 quo,
520 2573 622 2650 veluti
634 2578 777 2677 spatioso
786 2604 912 2678 campo,
922 2574 1031 2670 vagari
1042 2592 1223 2675 nequeant,

167 2700 311 2774 accidere
321 2696 425 2797 solet)
436 2699 592 2795 graviter,
608 2715 738 2788 ornate,
750 2700 948 2801 copioseque
959 2697 1131 2772 tractavit?
1144 2699 1225 2799 quid

166 2822 207 2896 de
221 2821 425 2923 eloquentia,
443 2850 509 2922 qua
519 2819 602 2894 alios
618 2819 739 2897 latinos
759 2839 889 2923 poetas,
904 2838 941 2894 ut
959 2819 1143 2895 Gulielmus
1155 2820 1225 2894 Sir·

168 2946 267 3034 letus,
280 2941 454 3019 cardinalis
466 2942 703 3045 amplissimus;
715 2942 917 3045 Hippolytus
928 2940 1111 3044 Cspilupns
1119 2997 1129 3031 ,
1138 2943 1227 3044 epis-

166 3097 289 3172 copus,
307 3069 356 3142 Μ.
376 3067 544 3141 Antonius
561 3068 732 3153 Muretus,
747 3065 867 3139 Petrus
887 3064 1089 3153 Ciacconus,
1105 3062 1226 3164 aliique

168 3191 227 3264 riri
244 3190 427 3265 doctissimi
442 3191 609 3275 sentiunt,
627 3188 724 3285 longe
751 3186 881 3289 lateque
897 3189 1087 3291 superavit?
1103 3188 1138 3259 in
1162 3214 1226 3286 qua

169 3337 264 3400 eum,
280 3330 319 3385 ut
343 3310 384 3385 de
409 3311 510 3386 ultera
539 3310 657 3413 loquar
679 3309 855 3400 facultate,
874 3311 1030 3385 Cicerone
1056 3326 1088 3381 et
1113 3305 1226 3390 Livio,

171 3428 296 3532 quibus
310 3434 398 3532 apud
410 3437 547 3510 Latinos
564 3432 730 3536 copiosius
747 3461 844 3506 nemo
860 3433 1006 3535 scripsit,
1023 3427 1227 3514 inferiorem,

173 3553 201 3628 si
218 3553 294 3653 quis
312 3581 385 3627 vere
399 3573 496 3659 etque
519 3559 709 3658 incorrupte
721 3555 901 3655 judicabit,
918 3552 1050 3628 minime
1065 3548 1226 3648 reperiet,

172 3673 231 3749 sed
246 3665 425 3748 eis'merito
441 3680 619 3781 comparari
636 3705 735 3780 posse
748 3677 915 3754 redebere
931 3670 1168 3751 confitebitur..
1178 3727 1203 3744 ..

578 3867 814 3892 σοι-ο...-
