2768 4694
483 357 580 424 run
605 353 637 423 J‘.
665 353 887 424 massora.
1147 359 1209 443 241
1259 356 1261 361 ’

152 496 328 583 recensiti,
342 523 441 596 quum
450 494 491 569 de
500 494 647 590 Augusti
660 511 766 568 morte
779 494 975 582 diceremus,
991 495 1217 596 comprobant.

153 615 202 687 At
219 641 297 688 vero
313 640 382 686 non
397 611 527 686 videtur
540 628 645 711 poeta
660 611 770 684 verbis
784 627 1061 700 consentaneum,
1079 615 1106 687 si
1122 615 1221 688 adfir-

154 748 317 817 maretur,
341 756 415 803 cum
434 727 479 803 ob
497 726 611 803 oculos
628 726 811 826 lnicmphum
829 727 930 801 modu
954 728 1140 819 decretum,
1160 761 1220 806 nec

155 848 261 922 adbuc
277 832 502 935 ductumJbis
518 843 721 918 carminibus
737 843 903 917 babuisse.

200 960 408 1035 Alterutrum
424 976 535 1033 tamen
552 954 669 1050 seligat
690 954 795 1029 lector
814 957 983 1046 eruditus,
1000 958 1079 1033 satis
1102 942 1221 1037 consuss

157 1090 240 1150 utus
252 1075 355 1150 suerit
366 1073 571 1157 Bucherius,
590 1071 642 1143 uti
654 1087 688 1143 et
699 1070 871 1160 Norisius,
883 1071 941 1171 qui
954 1090 1219 1168 autumaverunt,

156 1191 272 1265 Fusios
287 1218 376 1263 anno
398 1191 441 1262 U.
463 1189 501 1262 C.
517 1204 663 1271 Dcctlx,
681 1185 731 1258 vel
749 1186 880 1259 demum
897 1188 1020 1261 Ouidio
1036 1188 1221 1282 exsulante,

156 1321 191 1376 at
205 1305 362 1397 Augusto
380 1299 567 1374 adhucdum
581 1299 727 1387 vivente,
744 1299 779 1372 in
795 1297 902 1374 lucem
919 1298 1056 1376 venisse.

207 1421 325 1516 ltaque
352 1418 442 1490 Nasu
464 1415 499 1488 id
522 1442 634 1516 opus,
662 1442 720 1488 sua
747 1415 782 1487 in
806 1414 954 1489 exsilium
982 1416 1058 1512 suga
1084 1436 1220 1520 ruptum

160 1533 283 1630 (Trist.
301 1529 358 1604 lib.
372 1532 424 1617 ΙΙ,
440 1557 551 1603 avers.
572 1527 642 1629 549
656 1538 684 1617 ),
702 1530 870 1631 deinceps,
886 1532 984 1606 ethis
998 1532 1131 1633 quidem
1145 1552 1221 1609 tem-

159 1645 317 1748 poribus,
334 1641 543 1730 absulutum,
562 1641 728 1743 plerisque
752 1645 872 1718 additis
895 1672 932 1717 ac
956 1647 1115 1734 mutatis,
1147 1648 1223 1722 Ger-

158 1761 273 1834 manico
286 1758 406 1833 Caesari
417 1757 614 1859 inscriptum
626 1755 753 1858 publici
760 1757 855 1857 juris,
870 1758 1059 1832 adhucdum
1071 1761 1222 1839 exsulans

159 1892 191 1949 et
207 1873 310 1976 paulu.
324 1889 400 1947 ante
417 1870 569 1960 obitum,
586 1871 674 1945 serit.
695 1874 795 1946 Hunc
812 1874 899 1948 enim
914 1873 1094 1975 principem
1107 1879 1222 1977 primis

157 1991 235 2065 libri
251 1994 269 2066 l
286 1988 486 2087 carminibus
501 1986 708 2090 interpellat,
728 1989 816 2062 etad
833 1989 937 2063 sidera
957 1989 1062 2078 tollit;
1085 1993 1172 2068 sicut
1187 2015 1220 2070 et

159 2108 229 2183 aliis
247 2109 282 2181 in
300 2107 401 2194 lucis,
419 2135 456 2179 ac
472 2107 650 2206 prasertim
667 2104 733 2180 lib.
749 2109 808 2194 lll,
822 2107 880 2180 ubi
893 2107 989 2183 etiam
1008 2110 1058 2184 sui
1074 2114 1222 2187 meminit

162 2224 285 2314 exsilii,
296 2253 385 2299 vers.
404 2222 475 2294 80:

318 2369 454 2425 Sulmonis
464 2367 541 2437 gelidi
551 2368 652 2437 patrita,
668 2371 830 2428 Gemam'ce‚
849 2378 951 2422 nostra.

348 2463 397 2516 Me
409 2460 548 2512 miserum!
559 2461 674 2530 Scythico
684 2478 763 2529 quam
774 2458 864 2529 procul
876 2458 917 2511 illa
928 2464 983 2513 solo
995 2461 1046 2514 est!

322 2551 392 2620 Ergo
407 2547 475 2617 ego?
491 2557 545 2599 tam
555 2546 643 2617 longas
653 2546 698 2602 sed
709 2549 859 2619 supprime,
872 2547 965 2615 Musa,
978 2549 1111 2617 querelas,

352 2640 411 2693 Non
427 2636 473 2689 tihi
485 2645 547 2688 suut
557 2647 648 2690 moesta
658 2655 728 2692 sacra
738 2638 856 2693 eruenda
869 2637 931 2710 lyra.

206 2770 252 2841 ll.
272 2765 323 2837 Ex
340 2763 406 2836 illis
421 2791 523 2863 porro
546 2760 606 2834 lib.
622 2762 641 2833 I
657 2763 855 2838 carminibus
874 2761 1000 2862 liquet,
1018 2790 1131 2863 pacem
1154 2763 1218 2838 hoc

162 2905 306 2984 tempore
319 2908 379 2981 per
391 2880 504 2952 urbem
517 2877 618 2950 luisse
631 2879 842 2975 compositam
855 2934 864 2968 ,
878 2879 1018 2979 ideoque
1031 2881 1053 2952 J
1055 2899 1115 2953 Ant
1130 2881 1217 2957 foces

163 3002 335 3075 obseratas.
354 2997 427 3069 Hoc
446 2992 576 3094 quidem
590 2990 774 3065 Bucherius
783 2992 864 3066 vidit
879 3014 1007 3094 apoeta
1020 2996 1214 3092 significari,

165 3115 267 3187 sedin
292 3140 331 3185 eo
355 3106 576 3182 hallucinatus
595 3121 665 3192 est,
693 3103 784 3205 quod
808 3133 876 3180 rem
899 3108 940 3180 ad
963 3136 1084 3183 annum
1105 3114 1148 3183 U.
1180 3114 1217 3186 C.

165 3247 284 3303 uccux
310 3222 433 3301 retulit.
459 3225 528 3295 Nec
550 3221 672 3296 rectius
698 3220 894 3296 eminentiss.
921 3227 1073 3300 Norisius
1092 3237 1099 3266 ¹
1120 3247 1216 3303 autu-

165 3347 273 3432 mavit,
292 3379 308 3409 «
334 3370 406 3443 quae
424 3339 464 3412 de
479 3340 568 3411 dano
588 3333 859 3436 clausmOvidius
875 3339 1015 3429 cecinit,
1034 3369 1116 3441 pura
1135 3362 1214 3443 puta

169 3493 183 3521 u
202 3476 305 3558 poeta
329 3473 404 3528 vota
428 3451 587 3526 censenda
608 3478 699 3537 esse,
726 3450 995 3553 triumphumque
1024 3445 1216 3529 Germanico

168 3606 184 3636 »
204 3570 369 3664 augurari3
384 3568 472 3669 quod
482 3566 590 3642 libros
601 3567 777 3639 Fastorum
790 3561 882 3638 exsul
895 3566 1078 3665 scripserit,
1090 3570 1218 3641 vivente

169 3682 390 3757 »adhucdum
411 3684 571 3776 Augusto.
597 3714 615 3745 »
642 3679 728 3775 Quae
743 3697 794 3753 sat
811 3704 975 3778 superque
1000 3707 1040 3753 ex
1067 3683 1217 3779 superius

167 3782 323 3875 discussis
334 3795 564 3884 convelluntur,
577 3813 615 3868 ut
624 3794 664 3868 iis
673 3793 804 3889 longius
814 3793 980 3865 immorari
990 3821 1073 3894 opus
1084 3822 1150 3865 non
1161 3794 1216 3866 sit.

212 3919 276 3989 ΙΙΙ.
292 3915 450 3986 Praeterea
463 3910 565 3985 valide
578 3910 798 3996 confirmatur,
806 3908 1000 3984 Fasmlttttt
1015 3907 1121 3981 libros
1129 3907 1218 3979 baud

198 4093 207 4123 ¹
224 4090 265 4143 De
282 4086 378 4140 Cenot.
390 4085 441 4139 Pis.
455 4102 512 4151 pag.
524 4102 578 4136 aur.

280 4187 391 4254 VIII.
741 4279 746 4287 Ι
998 4175 1038 4241 16
