2768 4694
159 346 226 415 336
352 337 697 410 TESTIMONIA
719 336 1040 433 Ensuntctn,
1164 330 1199 407 ,’

155 484 369 584 gantissimus
378 499 477 582 poeta
488 476 591 569 ,nulli
605 495 753 553 veterum
765 495 824 552 aut
834 476 968 572 ingenio
980 532 991 566 ,
1003 492 1064 552 ant
1075 476 1231 555 doctrine

155 601 355 685 concedens,
372 597 454 671 mira
468 595 628 669 brevitate
646 594 748 682 dixit,
766 611 827 669 etc.
849 626 867 659 s

202 717 340 799 Turro.
354 713 494 800 Fenus,
506 709 564 785 lib.
581 710 620 799 t,
636 708 745 812 Epist.
764 707 809 809 37
826 738 868 783 2«
884 706 1023 811 Ubique
1032 706 1230 805 ingeniosus

156 850 208 909 cst
230 829 394 917 Ovidius,
413 826 505 930 qnod
522 854 621 902 nemo
636 853 808 928 unquam,
826 824 894 898 nisi
910 823 970 925 qni
986 821 1059 925 ipse
1073 821 1229 922 ingenio-

156 975 215 1023 sus
226 973 299 1019 non
310 959 415 1029 esset,
428 942 571 1038 negarit.
585 940 719 1042 Ubique
728 941 849 1015 doctus
858 955 910 1015 cst
922 937 1088 1025 Ovidius,
1103 937 1147 1013 de
1161 966 1227 1040 quo

156 1088 225 1134 non
241 1058 352 1131 minus
367 1056 458 1157 apud
476 1084 590 1130 omnes
607 1060 764 1130 constet?
781 1054 838 1130 sed
855 1052 946 1128 haud
961 1050 1118 1153 equidem
1138 1052 1226 1142 scio,

157 1204 198 1250 an
216 1172 296 1249 alibi
315 1170 445 1244 doctior
460 1169 505 1243 sit
520 1187 553 1242 et
570 1169 790 1265 ingeniosior,
809 1165 955 1270 qnnmin
972 1165 1122 1240 secundo
1134 1166 1227 1241 Tris·

157 1293 240 1367 tium
251 1320 259 1362 ε
269 1317 380 1389 neque
391 1286 472 1362 adeo
482 1287 605 1360 mirum
615 1305 679 1375 est,
692 1315 822 1363 causam
833 1314 925 1360 suern
935 1283 1025 1386 epod
1036 1287 1227 1380 Angustum

157 1410 295 1506 agebat,
314 1405 501 1508 principem
517 1405 668 1493 doctum,
687 1405 872 1507 principem
887 1420 1031 1505 poetam.
1053 1436 1072 1468 u

206 1529 323 1612 IDEM,
338 1524 445 1627 Epist.
464 1550 505 1624 7¹
524 1553 532 1597 ε
549 1556 566 1587 «
579 1523 680 1597 Haud
691 1521 845 1625 equidem
858 1521 948 1609 scio,
962 1518 1228 1623 sitnesliquidin

159 1662 232 1719 toto
248 1643 370 1732 hetin,
392 1640 485 1744 qnod
505 1640 710 1739 elegmtius,
731 1660 766 1717 et
784 1640 989 1737 ingeniosius
1003 1640 1166 1741 scripmm
1182 1638 1225 1711 eh

157 1760 227 1837 ullo
245 1776 344 1864 poeta
361 1758 482 1850 fuerit,
500 1788 599 1862 quom
615 1758 732 1858 Elegio
747 1779 815 1835 Vnt
833 1758 912 1833 libri
931 1761 965 1835 ll
986 1759 1200 1835 Ponticorum
1215 1786 1226 1843 3

158 1881 206 1954 ita
222 1897 300 1955 sunt
317 1879 366 1953 ibi
383 1879 493 1956 omnia
515 1897 619 1965 terso,
635 1880 683 1954 ite
697 1878 810 1955 omnia
824 1879 912 1954 varin
930 1897 963 1952 et
979 1877 1156 1975 mmet,
1174 1874 1228 1951 ui

159 1996 259 2076 stoicae
270 1995 356 2075 iducis
370 1998 440 2068 ervei
449 1994 596 2088 γλαφνςδν
610 1999 735 2087 nodum.
759 2029 775 2058 »

209 2110 385 2183 Mottttor.
404 2110 445 2184 de
458 2109 675 2183 Patavinitate
689 2109 842 2197 Liviana,
858 2137 929 2210 cap.
946 2109 967 2181 5
985 2138 994 2182 :
1012 2141 1031 2173 «
1047 2109 1138 2183 Sunt
1151 2136 1229 2184 non

159 2225 261 2314 nulli,
280 2227 339 2328 qni
356 2226 470 2301 eadem
487 2224 606 2323 injurio
630 2224 789 2301 Ovidium
803 2225 976 2316 adficiunt,
999 2227 1092 2300 utin
1114 2256 1227 2303 nnm-

162 2342 313 2419 tionibus
329 2341 497 2445 prolixum
514 2361 547 2417 et
563 2341 802 2418 declamatoriis
824 2344 961 2439 argutiis
982 2342 1225 2440 indulgentem,

162 2489 199 2534 nc
214 2460 305 2534 fuere
316 2489 385 2535 non
399 2461 485 2535 inter
494 2478 619 2534 veteres
631 2476 779 2545 tentum,
793 2459 851 2534 sed
865 2478 897 2532 et
909 2459 995 2533 inter
1008 2462 1227 2548 recentiores,

163 2578 221 2677 qni
240 2577 302 2651 hoc
320 2575 413 2650 illum
432 2574 548 2651 cavillo
570 2575 718 2661 feriunt,
747 2576 780 2648 in
799 2575 923 2677 quihus
940 2580 1161 2650 Varnssorem
1178 2606 1226 2651 re-

160 2690 261 2790 periri
275 2691 430 2787 indignor
441 2718 518 2764 sane
537 2719 544 2762 :
561 2717 636 2762 nam
650 2689 741 2789 quod
755 2689 912 2763 Barthius
926 2706 1000 2762 ante
1013 2690 1124 2790 ipsum
1140 2689 1226 2763 idem

161 2833 294 2905 quoque
313 2807 347 2880 in
363 2806 486 2880 Ovidio
502 2805 733 2906 reprehendit,
754 2834 822 2877 non
844 2834 977 2892 moror;
997 2821 1067 2879 erat
1093 2806 1227 2879 minime

158 2921 295 2993 istarum
311 2950 422 2995 rerum
439 2921 579 2995 idonens
590 2922 707 3021 juder,
728 2919 827 3016 longe
842 2920 884 2992 ab
903 2916 969 2994 illis
985 2919 1157 3017 elegantiis
1172 2950 1225 2995 se-

160 3054 289 3125 motus,
308 3035 421 3137 quales
437 3038 472 3111 in
488 3037 611 3112 Ovidio
629 3038 912 3139 deprehendimus.
933 3038 987 3111 Ab
1004 3038 1066 3111 hac
1083 3067 1160 3112 vero
1171 3039 1222 3111 in·

157 3153 243 3253 jurio
268 3152 362 3225 illum
383 3154 560 3228 vindicavit
578 3155 755 3239 Heinsius,
780 3171 818 3227 ut
837 3183 904 3227 non
922 3184 979 3228 sun
999 3173 1142 3244 tantum,
1162 3156 1223 3230 sed

159 3266 284 3338 Mureti
295 3266 455 3367 ,Josephi
465 3266 622 3364 Scaligeri
637 3286 670 3342 et
682 3271 704 3341 J
706 3267 764 3342 ulii
775 3267 912 3342 Caesaris
926 3270 1028 3370 patris
1042 3271 1223 3359 sententia,

159 3381 216 3484 qui
242 3398 396 3481 tanquam
423 3381 616 3457 ahsolutum
641 3402 674 3458 et
691 3384 781 3456 omui
802 3412 842 3457 er
859 3403 951 3484 parte
968 3386 1148 3485 perfectum
1173 3386 1224 3459 di-

159 3499 253 3575 cendi
276 3498 462 3601 exemplum
492 3500 750 3590 commendavit,
775 3501 919 3602 prodigii
945 3505 1069 3592 instar,
1092 3505 1165 3579 ovis
1189 3533 1224 3578 ac

158 3617 317 3717 sulphure
343 3616 533 3691 lustrandos
555 3617 736 3708 existimet,
761 3620 819 3719 qui
843 3623 970 3695 auctori
997 3640 1091 3699 tanto
1117 3623 1223 3698 detm-
