2768 4694
628 356 748 427 ΜΗ
1175 384 1217 451 η

201 504 290 588 Nec,
307 500 371 573 nisi
388 526 448 600 per
464 498 608 584 crimen,
627 498 670 573 sit
687 499 749 572 tibi
765 514 848 572 nota
865 526 969 572 soror.
1171 524 1222 576 360

153 616 238 692 Filia
253 619 280 692 si
298 616 416 704 luerit,
433 614 479 691 sit
494 615 586 716 quod
605 614 748 715 Pelopea
763 613 938 714 Thyeste,

204 733 343 833 Myrrha
358 760 420 804 suu
438 729 546 830 patri,
563 724 823 828 Nyctimeneque
839 757 911 802 suo.

156 851 229 922 Neu
246 848 318 948 pia,
334 873 415 920 neve
431 847 534 941 magis
548 843 651 945 capiti
668 843 712 917 sit
726 842 792 916 lida
809 859 966 942 paterno,

206 954 1046 1058 Qmffifflfflmhfflffifflwffin

156 1078 381 1178 Infamemque
396 1075 511 1153 locum
528 1073 747 1173 scelerisque
764 1073 897 1149 nominc
914 1072 1009 1175 lecit,
1162 1076 1227 1152 '365

206 1195 337 1270 Pressit
354 1213 387 1268 et
403 1193 549 1269 inductis
563 1191 707 1266 membra
723 1208 859 1291 paterna
876 1191 971 1265 rotis.

159 1314 210 1386 Ut
225 1312 381 1409 iuvenes,
398 1336 527 1410 pereas,
544 1337 685 1412 qnorum
698 1307 828 1402 fastigia
845 1307 959 1399 vultus

195 1476 253 1529 360.
264 1476 422 1544 d'r'tte'brfida
431 1493 508 1528 soror.
520 1476 589 1528 Nota
600 1493 670 1527 non-
717 1474 818 1537 rentis;
834 1496 848 1520 a
865 1473 923 1540 vel,
936 1484 1050 1540 paterno.
1073 1475 1160 1542 Puto,
1175 1476 1231 1533 Nea

156 1553 243 1615 nulli3
259 1557 383 1624 namfida
395 1573 457 1609 mox
469 1554 589 1622 sequitur
600 1572 607 1607 :
619 1572 669 1606 su·
713 1558 778 1623 pie¹
791 1571 851 1605 uere
862 1558 952 1619 arogis.
966 1552 1066 1606 Herus.

161 1631 257 1702 periori
274 1651 350 1685 versu
361 1633 518 1700 retorserit.
535 1651 584 1700 pro
595 1630 671 1697 sacri
751 1631 808 1696 364.
823 1634 905 1695 (luam
917 1641 962 1682 tna
972 1634 1014 1681 vel
1022 1631 1130 1684 Pterela.
1145 1632 1229 1698 Oeam

159 1709 328 1764 seribendm
338 1728 399 1764 cum
407 1709 572 1765 Bononiensi
580 1709 670 1764 codice
717 1728 765 1761 sua
781 1711 825 1760 nel
835 1710 939 1760 Pterelae
957 1707 1032 1760 multi
1049 1728 1079 1760 ex
1098 1709 1227 1779 antiquis;

161 1799 188 1843 et
199 1788 270 1842 libris
278 1787 429 1842 Constantii
440 1787 575 1843 Fanensis.
588 1789 625 1841 lt.
718 1797 831 1857 quatuor
857 1788 939 1853 Quam
968 1790 1018 1840 te'dr'
1039 1790 1083 1839 vel
1103 1790 1227 1853 Pterela5

194 1868 252 1920 361.
266 1867 333 1921 dilue
343 1871 371 1920 si
372 1865 463 1934 faeni.
478 1865 600 1936 Pelopeia
610 1884 670 1919 cum
719 1876 862 1933 utrumque
872 1873 951 1917 recte.
960 1865 994 1916 H.
1001 1892 1033 1904 -
1042 1866 1149 1917 Pterela.
1157 1864 1231 1918 The-

164 1955 237 2014 patre
245 1943 361 2016 Thyeste
372 1943 452 1997 inscio
464 1943 607 1997 concubuit
620 1962 626 1996 :
641 1963 673 1997 ea
719 1946 813 1998 barum
826 1965 887 2009 rer,
902 1965 916 1996 a
930 1943 1048 1998 Creonte
1060 1955 1167 1999 necatus
1176 1955 1230 2010 cst,

164 2020 477 2092 quonelarioconcubitu
486 2020 672 2089 Egisthuena·
720 2019 869 2091 proditione
891 2020 1029 2093 Polydices
1046 2019 1125 2085 filim
1150 2020 1231 2075 Ovid.

164 2111 206 2154 tus
217 2110 256 2153 est
270 2119 276 2152 ε
292 2118 372 2168 quern
387 2119 402 2152 a
419 2109 521 2164 matre,
543 2112 573 2152 ut
589 2098 672 2161 scelus
722 2098 792 2152 Vlll
812 2099 922 2153 Metam.
935 2128 970 2140 -
988 2101 1056 2161 Tua,
1077 2098 1231 2166 Nise,su1't.

164 2190 274 2249 tegeret,
284 2180 311 2232 in
319 2177 395 2251 sylvis
402 2178 560 2247 expositum,
569 2177 673 2247 acapris
722 2177 843 2234 Pandion
852 2217 860 2244 ‚
872 2179 1037 2233 Athenarum
1047 2192 1091 2231 rea
1101 2218 1108 2244 ,
1118 2189 1231 2247 quatuor

165 2259 294 2313 nutritum
313 2257 465 2311 fabulantur
483 2276 489 2308 :
506 2257 576 2310 unde
593 2268 619 2311 et
637 2257 673 2310 illi
721 2258 813 2312 habuit
824 2258 904 2325 filios,
920 2260 1027 2325 Nisum,
1038 2257 1168 2328 AEgeum,
1181 2258 1232 2329 Ly·

165 2355 272 2390 nomen.
280 2336 335 2390 Hic
344 2346 417 2390 aetate
427 2335 553 2407 grandior
561 2337 672 2397 Atreum
721 2357 800 2403 cum,
817 2336 973 2391 Pallantem.
982 2338 1060 2391 Nisus
1071 2376 1078 2402 ,
1088 2336 1232 2407 Megaren-

166 2427 194 2470 et
219 2417 449 2485 Agamemnonem
477 2412 578 2468 occidit.
605 2415 673 2467 Van.
722 2415 1233 2485 siumrea,obseasusaMinoe,proditio·

169 2495 418 2560 Altum-Pelopea
434 2495 547 2563 Thyesti.
563 2493 675 2563 Thyeste
723 2513 757 2547 ne
768 2493 860 2568 Scyllae
871 2493 947 2561 filiae,
964 2515 1022 2565 quae
1031 2495 1131 2548 Minois
1141 2514 1231 2548 amore

169 2582 281 2641 quatuor
295 2572 373 2633 libri;
390 2581 476 2638 recte,
495 2582 525 2623 ut
538 2571 629 2625 monui
641 2571 674 2624 ad
723 2583 796 2643 capta
808 2583 868 2637 est,
886 2573 988 2626 crinem
1004 2572 1112 2626 letalem
1129 2573 1232 2638 amisit,

167 2649 249 2720 Epist.
261 2652 348 2716 vul,
362 2661 399 2702 vs.
409 2671 434 2722 9.
723 2651 810 2720 sicque
821 2652 996 2720 interemptus
1007 2662 1060 2713 est;
1072 2651 1152 2705 Osid.
1163 2652 1233 2705 Vlll

201 2729 259 2780 352.
267 2731 420 2798 Nyctimene.
429 2727 522 2796 Quum
532 2725 611 2795 patris
617 2745 678 2780 eon·
725 2728 903 2798 Metamorph.
917 2729 1035 2784 1)οη-
1045 2731 1127 2796 Quem
1137 2740 1182 2782 rna
1194 2735 1239 2783 oe!

170 2805 292 2864 cubitum
302 2817 369 2860 essct
382 2805 515 2872 adsecuta,
536 2806 635 2876 pudone
647 2806 676 2859 in
724 2809 832 2861 Pterela.
839 2807 1048 2877 DeTaphiorum
1056 2827 1116 2877 rege
1124 2809 1232 2878 ejusque

171 2904 248 2939 avem
268 2904 392 2940 conversa
411 2887 600 2952 arimannis,
619 2887 676 2942 lnce
725 2884 778 2939 lilia
798 2883 974 2938 Comaethone
994 2884 1082 2938 locum
1102 2884 1233 2956 intellige,

170 2984 226 3019 non
239 2962 326 3031 eolat,
341 2965 446 3034 solaque
463 2977 531 3020 arnat
548 2966 677 3019 tenebras.
726 2982 784 3033 qnae
797 2963 906 3034 Cephali
918 2983 1007 3018 amore
1019 2975 1108 3035 capta,
1122 2966 1233 3034 patriam

172 3043 272 3097 Pabula
281 3053 318 3097 est
330 3043 400 3113 apud
416 3043 540 3098 Ovidium
553 3043 580 3097 in
593 3044 636 3096 lib.
649 3043 677 3096 ll
726 3052 879 3112 patremque
896 3042 1013 3097 hostibus
1026 3042 1148 3112 prodidit.
1163 3044 1234 3095 Van.

84 3134 87 3146 ¹
172 3119 240 3175 Met.
257 3141 293 3174 vs.
311 3124 368 3193 ⁵9¹·
382 3120 679 3191 Dum-Myrrdasao
759 3121 816 3173 365.
837 3122 968 3189 Iasonem.
988 3121 1075 3174 Tullia
1096 3120 1236 3190 Tarquinii

169 3205 245 3264 patri.
256 3199 318 3253 Fuit
327 3198 452 3271 Cynam,
463 3198 625 3273 Cypriorum
633 3217 678 3251 re·
727 3197 780 3250 filia
794 3208 950 3267 carpentum
968 3217 1015 3267 per
1033 3217 1079 3253 ora
1095 3199 1175 3267 patris
1190 3198 1234 3252 in·

173 3277 226 3347 gis,
238 3276 289 3331 filia
301 3275 428 3348 Myrrha,
439 3296 497 3346 qun
507 3275 574 3329 utin
584 3276 608 3327 X
619 3276 680 3328 Me·
727 3275 828 3330 terfecti
839 3276 879 3345 agi
892 3276 982 3344 jussit,
997 3295 1050 3346 quo
1067 3275 1163 3330 scelere
1178 3276 1236 3331 loco

172 3355 330 3425 tamorpbos.
341 3355 489 3410 insciorum
500 3365 573 3423 patre
582 3373 680 3408 conmt-
727 3377 827 3412 nomen
848 3357 929 3413 dedit.
952 3359 1022 3412 Nam
1041 3360 1113 3413 vicus
1133 3359 1175 3412 ille
1197 3371 1236 3413 est

172 3430 245 3495 buitr
263 3452 277 3486 a
293 3453 348 3503 quo
365 3433 469 3502 connita
488 3449 581 3501 parurn
597 3429 682 3485 abfuit
727 3435 811 3490 dictur
821 3437 968 3490 sceleraeus.
984 3437 1063 3491 Dour.

172 3512 234 3579 quin
242 3513 419 3575 occidentem
428 3530 491 3567 nam
498 3509 589 3562 stricto
596 3507 681 3579 gladio
761 3515 817 3568 366.
830 3517 945 3568 Inductio
957 3520 1066 3568 membra
1074 3525 1181 3583 patema
1193 3537 1236 3570 ro-

174 3607 232 3640 cam
244 3591 333 3658 petiit,
348 3607 407 3657 quaa
416 3587 445 3642 in
457 3586 539 3657 pedes
549 3606 575 3641 se
589 3586 679 3652 dedit,
728 3596 770 3644 rr's.
782 3591 875 3645 Malim
887 3597 998 3646 e'rrvectis.
1012 3594 1113 3647 Herus.

175 3664 203 3716 in
212 3667 333 3723 Arabiam
343 3687 425 3737 usqne
435 3687 442 3720 ι
454 3665 500 3720 ubi
508 3666 536 3718 in
544 3665 681 3736 myrrham
762 3671 819 3734 367,
831 3673 1086 3741 Utjueeneepms.
1097 3673 1148 3725 His
1155 3671 1236 3723 versi-

177 3740 681 3810 nrboremdiciturmutata,etAdonem
729 3745 777 3799 bus
788 3747 974 3817 Hippodamiae
987 3751 1059 3819 proci
1076 3757 1236 3818 tanguntur;

175 3818 390 3878 lormoaiasimum
398 3824 526 3891 edidisse,
540 3825 585 3892 qui
594 3824 682 3877 adeoa
731 3844 796 3895 quos
805 3826 967 3893 OEnomaus,
977 3826 1092 3881 Elidiset
1101 3828 1167 3880 Pisce
1175 3844 1219 3878 rex
1230 3867 1237 3893 ‚

177 3896 288 3952 Venere
297 3901 408 3956 creditur
418 3912 525 3958 amatus.
538 3896 606 3955 zia.
729 3903 813 3958 curuli
823 3907 968 3961 certamine
977 3906 1057 3960 victos
1066 3903 1178 3956 interfici
1187 3904 1238 3972 jus-

209 3976 268 4028 363.
285 3977 353 4029 Neve
368 3986 446 4047 'aegei
455 3984 501 4047 pia
513 3985 550 4033 sr‘t
559 3982 685 4047 captetque
730 3982 771 4036 sit.
785 3981 880 4051 Quum
889 3983 962 4038 enirn
973 3985 1121 4037 OEnornaus
1135 4000 1167 4035 ea
1178 4002 1239 4038 ora-

175 4059 291 4122 perenna
307 4059 404 4122 reique.
418 4057 528 4109 Plurimi
545 4070 683 4111 veterum:
730 4059 790 4113 culo
807 4061 984 4131 percepisset,
1004 4058 1144 4128 aliquando
1160 4059 1238 4127 lore,

180 4156 193 4181 ι
204 4134 268 4190 Filia
279 4154 347 4190 nere
362 4135 444 4204 magis
451 4135 527 4206 capiti
534 4137 567 4193 sit
574 4139 626 4192 lida
637 4158 684 4208 pa·
731 4148 762 4192 ut
773 4158 787 4193 a
800 4158 898 4208 genero
909 4138 1102 4204 conficeretur,
1117 4140 1241 4194 omnibus
