2768 4694
481 368 576 434 ran
599 368 633 433 J.
660 367 889 436 nasson,
1174 404 1218 470 97

153 511 219 586 His
235 509 320 583 clare
335 505 474 596 indicat,
491 537 526 581 se
541 509 761 609 fratremque,
779 510 950 584 duodecim
963 512 1133 590 mensibus
1142 535 1225 594 natu

154 628 322 726 majorem,
333 624 444 700 eadem
458 625 511 700 die
525 625 655 710 lllortii‘,¹
664 653 780 726 nempe
794 648 841 700 xx
854 637 1073 706 'natumesse
1089 635 1221 709 Etenim

153 761 218 815 ttlv
232 738 353 815 kalend.
369 739 504 838 Apriles
520 749 553 826 ²,
572 767 631 811 seu
646 758 707 811 xtx
725 737 777 812 die
804 740 936 826 Mortui,
958 741 1139 844 incipiebat
1158 747 1224 821 Mi-

153 883 260 930 nervae
275 853 415 940 festum,
434 853 564 953 quinque
578 852 697 925 diebos
713 851 937 943 celebratum,
955 856 1042 931 unde
1064 857 1225 961 Quinqua-

153 976 211 1047 tn'o
227 974 372 1060 dictum,
391 972 487 1070 cujus
501 971 606 1071 prima
621 969 691 1043 dies
706 971 872 1047 sacrificiis
885 974 1010 1062 dicata,
1028 976 1135 1052 tribus
1148 1008 1225 1054 vero

155 1087 374 1188 sequentibus
387 1083 585 1179 gladiatores
598 1085 632 1155 iu
645 1083 774 1157 theatro
786 1087 972 1173 certabant3
987 1117 1024 1161 ac
1032 1089 1170 1188 proinde
1183 1123 1227 1167 se-

156 1204 266 1276 cunda
286 1201 363 1274 sesti
382 1200 471 1286 dies,
490 1229 555 1299 qua
568 1201 656 1272 Naso
669 1218 784 1273 noster
800 1220 1007 1302 procreatus,
1025 1205 1130 1304 prima
1147 1205 1226 1294 suit,

157 1344 233 1418 quae
254 1342 364 1416 pugno
386 1313 456 1389 fieri
481 1330 601 1388 cruento
618 1314 748 1389 soleret.
769 1319 816 1389 Ea
833 1347 909 1391 vero
928 1319 966 1391 de
984 1319 1048 1392 hoc
1064 1319 1149 1394 sesto
1176 1323 1228 1395 di-

159 1431 341 1508 sertissime
352 1449 448 1533 poeta
461 1451 589 1519 narrat,
604 1435 692 1506 Fast.
706 1432 763 1506 lib.
779 1436 846 1522 Ill,
861 1464 941 1509 vers.
967 1436 1151 1537 809-814,
1168 1439 1228 1512 ubi

161 1580 262 1652 quum
279 1568 355 1625 ante
371 1549 410 1624 de
427 1552 514 1624 tertio
524 1567 600 1651 post
615 1550 697 1624 Idus
708 1553 846 1642 Martii,
867 1553 933 1626 hoc
947 1572 997 1627 est
1009 1554 1049 1628 de
1064 1574 1140 1629 xvu
1154 1557 1227 1646 die,

161 1668 315 1759 dixisset,
330 1667 442 1744 addit:

322 1835 385 1888 Una
395 1834 451 1888 dies
462 1832 550 1886 media
562 1843 620 1899 eet,
638 1840 665 1885 et
676 1832 743 1886 liunt
755 1852 830 1886 sacra
841 1835 959 1887 Minerva
970 1855 979 1886 .·

357 1928 513 1993 Notumque
526 1922 650 1991 eiunctio
662 1929 768 1992 preloque
778 1926 865 1977 dr'ebus
879 1924 984 1977 babent.

322 2019 447 2084 Sanane
456 2015 541 2084 prima
551 2025 639 2080 vacat,
659 2020 709 2066 nec
720 2013 758 2067 tas
768 2033 925 2068 concurrere
937 2017 1022 2079 serro;

358 2105 460 2172 Causa,
474 2104 546 2175 quod
558 2104 652 2158 catilla
664 2115 726 2157 nata
738 2105 861 2159 Minerva
875 2107 925 2160 die.

320 2197 428 2263 Altera,
440 2207 544 2264 tresque
556 2206 725 2263 superstrata
737 2196 902 2250 celebrantur
915 2217 1007 2262 arena;

354 2285 469 2341 Ensibus
481 2285 587 2338 exsertis
598 2284 688 2338 bellica
702 2285 760 2337 laeta
771 2285 829 2338 Dea
841 2297 887 2339 est.

208 2426 255 2499 V.
286 2422 412 2496 GENUS
429 2419 559 2493 tandem
577 2420 682 2492 nostri
700 2448 799 2519 quam
815 2420 914 2493 luerit
934 2420 1077 2510 clarum,
1102 2452 1165 2497 nos
1182 2422 1228 2496 la-

166 2553 232 2611 tere
245 2535 353 2609 noluit
371 2568 378 2610 :
394 2564 469 2609 nam
484 2535 588 2607 Trist.
608 2532 664 2606 lib.
680 2536 738 2621 lv,
755 2531 848 2629 Eleg.
864 2554 907 2618 x,
926 2561 1006 2607 vers.
1029 2563 1047 2634 7
1067 2552 1100 2607 ct
1117 2536 1139 2605 8
1156 2567 1163 2607 ι

328 2697 358 2749 Si
370 2695 468 2764 quidet
480 2714 493 2748 a
499 2700 604 2763 proavis
613 2713 693 2763 noque
705 2705 744 2748 est
756 2705 831 2748 retur
842 2698 939 2748 ordinis
948 2697 1035 2760 leres,·

366 2785 429 2837 Non
439 2785 514 2839 modo
527 2786 550 2838 F
550 2795 651 2840 ortunae
663 2805 775 2838 munere
786 2786 870 2839 lactus
882 2804 977 2855 eques:

171 2952 236 3023 quae
252 2918 392 2995 totidem
415 2918 485 2992 sere
507 2917 638 3018 syllabis
659 2919 726 3014 jam
749 2917 909 2991 cecinerat
935 2920 1046 2992 Amor.
1072 2918 1129 2993 lib.
1158 2924 1227 3008 Ill,

171 3038 256 3134 Eleg.
278 3055 348 3124 XV,
363 3063 446 3109 vers.
468 3033 490 3105 5
506 3033 574 3108 etii
590 3065 597 3104 :

328 3199 355 3254 si
367 3198 431 3269 quid
443 3197 471 3250 id
484 3207 539 3265 est,
551 3212 634 3264 usque
646 3196 772 3260 aproore's
783 3202 857 3247 vetus
866 3198 962 3249 ordinis
972 3198 1055 3260 lem,

358 3290 421 3343 Non
433 3287 513 3341 modo
526 3290 625 3340 militie
634 3281 740 3337 turbine
751 3282 835 3338 lactus
843 3301 932 3352 eques3

175 3445 200 3502 et
210 3431 323 3505 Amor.
337 3427 395 3502 lib.
412 3429 449 3516 l,
464 3426 559 3522 Eleg.
579 3443 640 3513 111,
658 3451 738 3496 vers.
761 3449 780 3523 7
798 3441 832 3497 et
849 3421 896 3494 8:

332 3593 360 3647 si
373 3611 481 3646 menon
494 3601 605 3645 velerum
614 3586 803 3643 commendant
813 3606 906 3655 inagna
912 3598 1042 3655 parentum

363 3687 469 3737 Noniae
476 3701 487 3749 ,·
503 3701 555 3736 nec
566 3680 649 3734 nostri
660 3678 793 3748 sanguinis
806 3687 897 3732 auctor
909 3697 1001 3746 eques,
1010 3690 1060 3734 etc.

203 3852 211 3882 ¹
232 3845 273 3899 Ut
287 3855 388 3898 certum
400 3847 448 3914 eit,
465 3867 511 3902 eoo
525 3847 680 3915 interpreter
696 3862 784 3897 errare
802 3841 847 3910 qui
858 3857 906 3894 xxr
923 3843 1015 3896 Martii
1030 3844 1138 3902 dicunt;
1153 3840 1191 3891 uti
1204 3853 1233 3896 et

177 3929 231 3984 tlt.
245 3928 413 3993 Manutium,
423 3929 503 3996 quiin
516 3929 598 3982 nostri
605 3927 670 3981 Vita
681 3925 785 3989 scribit,
795 3942 857 3977 cunr
869 3926 1162 3992 xrvkal.Apntnorum
1171 3938 1234 3978 esee.

203 4017 214 4045 ¹
233 4012 276 4066 Ad
288 4029 370 4081 quern
382 4029 486 4080 quoque
495 4013 567 4065 diem
578 4008 741 4081 quinquatria
753 4007 908 4077 consignant
919 4005 1067 4060 kalendaria
1075 4041 1083 4070 ‚
1091 4012 1145 4054 tam
1156 4000 1235 4057 Gru-

178 4100 304 4153 terianum
315 4136 323 4162 ,
341 4115 399 4165 pag.
413 4095 477 4161 133,
487 4114 567 4164 quarn
578 4094 783 4150 vindobonense
795 4090 865 4167 opud
876 4088 1054 4144 Lambeeiurn.

295 4195 413 4271 VIII.
1035 4210 1054 4273 7
