2768 4694
185 352 244 422 192
506 331 544 395 r.
577 290 770 397 ovrnu'
789 316 920 397 vrrs

176 468 424 569 nequeenim,
443 494 515 568 qna
532 469 719 569 subjungit,
733 498 815 544 vers.
837 497 899 544 τοι
918 498 927 543 :

341 630 416 703 Quid
428 633 543 688 reseram
556 638 724 704 comitumque
736 633 823 702 nefas,
830 634 996 703 stimulosque
1009 636 1154 690 nocentes?

176 774 317 860 docent,
336 770 493 871 Ovidium
510 801 528 846 a
544 800 579 846 se
595 771 728 872 quidem
747 771 868 845 crimen
892 768 974 844 illud
997 798 1169 859 amovere,
1185 771 1240 846 sed

174 888 259 962 etin
276 914 355 961 suos
371 886 491 961 comites
504 885 541 959 id
557 886 688 985 rejicere
712 885 815 987 nosos,
838 883 929 986 quod
946 883 1061 981 fhrouii
1079 882 1240 961 revelare-

174 1005 261 1090 rint‚
280 1028 414 1101 quoque
432 999 582 1097 cognito,
600 1000 670 1073 insi
684 999 832 1099 prticipes
849 999 897 1071 ἱνα
917 1024 990 1072 eum
1012 997 1148 1097 jusserit
1171 1000 1240 1072 To·

174 1120 270 1192 mitas
288 1143 452 1216 quarere,
468 1117 517 1189 uti
533 1115 633 1189 habet
649 1145 731 1190 vers.
751 1143 796 1216 97
815 1132 847 1189 et
863 1113 920 1214 98.

221 1239 336 1333 ltaque
363 1230 447 1306 nihil
472 1251 639 1333 superest,
666 1233 729 1306 nisi
752 1250 788 1306 ut
815 1231 978 1316 dicamus,
1002 1228 1087 1303 illud
1115 1231 1236 1306 crimen

172 1352 274 1426 fuisse
286 1352 409 1423 iuuet
420 1350 564 1443 Augusti
578 1351 703 1451 neptis,
722 1350 814 1447 cujus
834 1348 975 1424 Ovidius
992 1349 1092 1423 suerit
1104 1353 1238 1452 quidem

170 1495 247 1542 reus
264 1466 391 1553 iactus,
408 1483 443 1539 at
465 1464 556 1566 quod
579 1466 643 1540 sibi
669 1465 771 1540 modo
789 1468 895 1542 visum
913 1484 945 1539 et
962 1494 980 1538 a
997 1466 1066 1541 suis
1082 1469 1238 1544 comitibus

171 1585 404 1670 commissum,
423 1581 558 1657 suadere
583 1601 731 1657 conatur.
749 1587 818 1658 Nec
843 1601 931 1658 certe
949 1581 1038 1657 aliud
1054 1586 1164 1686 potuit
1180 1586 1234 1660 his

172 1698 378 1802 temporibus
397 1700 589 1795 Augustum
601 1699 647 1775 ita
663 1700 794 1787 indere,
819 1718 858 1776 ut
878 1701 906 1775 ei
925 1702 1056 1775 vulnero
1075 1701 1230 1787 inferret,

171 1817 293 1917 quibus
304 1816 443 1889 maxime
458 1815 605 1890 indoleret
619 1825 627 1854 ¹
642 1846 650 1905 ;
666 1818 933 1920 quandoquidem
947 1819 1120 1914 Augustus
1133 1817 1232 1894 istam

168 1936 307 2007 JULIAM
324 1930 390 2004 hoc
406 1932 481 2031 ipso
503 1958 591 2004 anno
609 1935 770 2008 consilum
786 1933 931 2006 odilloni
945 1931 1129 2021 damnarit,
1152 1964 1246 2036 pro·-

164 2047 309 2149 jecitque
324 2047 356 2118 io
371 2047 500 2120 insulam
516 2045 551 2118 T
548 2047 706 2134 n'merom,
727 2046 814 2120 houd
820 2047 933 2145 procui
941 2049 1060 2146 Apulis
1070 2048 1226 2137 ls'ton'bus,

166 2178 268 2266 prout
280 2161 440 2234 Tacitus²
457 2177 587 2248 narrat,
606 2189 682 2234 mox
697 2158 821 2234 addens
836 2189 843 2232 :
861 2160 937 2233 lllic
951 2161 1063 2262 ”dliii
1073 2163 1162 2236 mori
1174 2191 1229 2237 es·

165 2279 266 2354 nium
279 2275 434 2361 tolerasti,
448 2277 604 2376 Augusto
613 2304 670 2377 ope
680 2290 843 2349 sustentolo
854 2295 912 2349 etc.
927 2280 997 2351 Hos
1013 2280 1099 2352 enim
1118 2303 1165 2355 xx
1174 2311 1229 2356 an-

165 2423 227 2469 nos
243 2393 271 2468 si
292 2388 389 2466 tollas
406 2389 447 2466 de
464 2419 552 2466 anno
571 2394 613 2465 U.
633 2394 671 2466 C.
696 2409 893 2480 necllum,
914 2423 981 2495 quo
1001 2394 1123 2467 loton
1145 2396 1230 2473 hanc

166 2512 288 2587 obiisse
297 2508 398 2583 tradit
406 2507 585 2584 historicus
594 2507 659 2596 ille,
671 2507 819 2610 reliquus
829 2510 950 2584 eritan.
962 2513 1003 2583 U.
1014 2511 1050 2583 C.
1063 2531 1229 2605 Dcctxn,

166 2655 233 2728 qno
258 2624 352 2700 iulio
372 2624 468 2724 oepn's
485 2621 625 2719 relegata
643 2623 788 2712 fueriti,
807 2625 857 2698 nti
871 2625 936 2723 jam
954 2624 1081 2727 pridem
1100 2627 1231 2704 doctis-
1281 2650 1285 2656 ’

164 2829 250 2886 tetur,
264 2818 325 2871 Non
331 2816 439 2884 secessus
449 2833 569 2881 causam,
589 2813 636 2868 sed
654 2833 715 2869 suus
735 2831 830 2870 ennon
848 2816 933 2871 habet
948 2838 961 2864 u
974 2816 1037 2870 Vid.
1050 2828 1077 2871 et
1090 2817 1163 2889 Eleg.
1175 2837 1226 2887 vt,

161 2921 228 2954 vers.
246 2900 337 2953 25-36.

197 2995 204 3024 ¹
223 2991 411 3063 ingemiscebat
421 2992 553 3063 Augustus
567 2991 600 3045 ad
611 3010 720 3046 omnem
732 2994 853 3064 Agrippae
866 2991 1003 3047 Posthumi
1011 2994 1113 3062 nepotis
1125 2997 1220 3062 (quem

161 3076 240 3129 etiam
253 3075 281 3126 in
293 3074 404 3128 insulam
416 3077 659 3144 transportaverat)
673 3085 699 3129 et
709 3078 837 3129 Julianus
846 3081 1005 3137 motionem,
1022 3095 1069 3129 oec
1078 3080 1221 3131 alilerrllos

130 3202 135 3215 ,
159 3158 286 3222 adpellare
296 3154 394 3209 solebat
405 3175 480 3225 quase
491 3165 543 3209 tres
555 3155 666 3210 vomicas
678 3166 725 3210 aul
735 3158 908 3211 carcinomata
922 3176 983 3221 sua3
999 3158 1064 3211 sicut
1079 3158 1219 3214 Suetonius

160 3236 247 3306 prodit
257 3238 284 3289 in
297 3239 365 3307 Aug.
377 3258 432 3308 cap.
441 3239 481 3294 65.

192 3330 204 3360 ²
221 3327 316 3380 Annal.
328 3328 371 3381 lib.
387 3329 437 3396 lv,
452 3349 506 3399 cap.
519 3351 547 3400 7¹
560 3352 568 3397 3
582 3329 632 3383 vid.
647 3342 673 3384 et
685 3331 727 3384 lib.
740 3329 797 3397 tlt,
811 3350 865 3402 cap.
880 3332 927 3398 ai,
942 3350 971 3386 ac
983 3332 1092 3387 Sueton.
1109 3334 1138 3386 in
1150 3335 1221 3406 Aug.

157 3434 212 3484 cap.
224 3413 265 3466 65.
380 3475 383 3480 ¹

191 3504 201 3536 ³
219 3504 309 3573 Quam
324 3503 411 3573 inepte
424 3505 451 3556 ,ἱ
471 3507 582 3558 clentas
596 3505 646 3561 hoc
657 3506 781 3576 carpserit
792 3507 973 3573 ratiocinium,
986 3509 1100 3578 pluribus
1115 3511 1220 3564 ostendi

157 3586 231 3657 pref.
244 3585 275 3639 ad
288 3588 368 3639 Plinii
381 3586 437 3655 jun.
455 3587 542 3640 vitam.
556 3588 592 3640 Ar
603 3605 689 3656 opere
701 3586 817 3657 pretium
834 3600 940 3642 nonest
958 3608 1094 3644 censuram
1107 3588 1151 3643 hic
1169 3611 1221 3645 re-

158 3671 270 3742 pellere,
285 3689 343 3740 que
355 3689 490 3740 nunquam
503 3671 620 3744 profecto
633 3672 708 3726 aliam
722 3673 808 3727 subire
820 3685 938 3727 mentem
950 3677 1051 3745 poterit.
1068 3674 1221 3732 Observent

155 3753 235 3807 modo
247 3753 364 3822 juniores
378 3751 465 3805 minus
479 3753 505 3806 in
519 3751 558 3806 his
570 3754 639 3807 tricis
651 3754 760 3820 versati,
774 3753 894 3808 Tacitum
913 3757 995 3810 solere
1008 3778 1055 3829 per
1071 3763 1219 3812 consulatus

156 3846 311 3906 supputare,
326 3847 405 3904 atque
414 3836 552 3905 scriptores
564 3836 774 3906 frequentissime
790 3857 872 3893 annos
887 3846 1061 3908 incompletos.
1081 3861 1129 3912 pro
1143 3863 1218 3896 com-

150 3923 241 3986 pletis,
257 3919 389 3973 adhibere.
409 3917 449 3971 lta
468 3917 490 3970 si
507 3923 651 3972 vr'cesiorum
670 3931 697 3974 et
713 3921 835 3974 ultimum
856 3941 955 3976 annum
973 3924 1051 3978 exsilii
1062 3927 1141 3978 Julr'e
1151 3944 1213 3979 cum

155 4019 226 4054 anno
238 4003 274 4056 U.
293 4002 325 4056 C.
343 4005 386 4070 781
406 4001 564 4070 copulaverit
576 4003 646 4070 juxta
659 4003 742 4058 Taciti
756 4005 882 4072 calculos,
901 4017 958 4059 tum
971 4008 1114 4062 necessario
1128 4027 1212 4061 annus

154 4086 188 4140 U.
203 4087 235 4140 C.
250 4090 295 4155 762
309 4090 358 4144 erit
370 4088 469 4157 primus
482 4087 635 4141 eorumdem
650 4106 685 4143 xx
697 4089 776 4144 exsilii
785 4109 917 4146 annorum
927 4134 934 4160 ,
946 4105 994 4148 etc.
