2768 4694
451 329 517 393 nr
542 325 917 394 rnnrnmonns.
1158 333 1221 421 309

151 470 277 569 injuria
300 496 309 541 a
332 491 434 568 eaque
450 464 600 540 locorum
617 466 704 538 inter
720 492 753 538 se
775 465 1000 565 comparatio,
1023 466 1088 538 nisi
1108 463 1223 554 fallor,

157 586 257 660 vobis
279 584 340 660 erit
355 611 424 658 non
439 581 628 682 injucunda.
648 585 738 656 lstuc
755 599 863 656 autern
885 580 974 682 quod
992 609 1157 657 armorum
1171 583 1224 683 ju·

160 701 282 777 fficium
303 718 523 790 rocaverunt,
542 698 636 774 valde
659 699 737 772 olim
759 698 936 801 probatum
959 698 1224 801 celebratumque

158 820 224 894 fnit
248 849 256 893 ε
280 818 507 918 Caesaremque
524 817 634 917 ipsum
651 818 841 911 Augustum
857 817 892 889 in
913 844 952 888 eo
971 845 1088 912 genere
1103 815 1221 891 lusisse
1268 845 1269 849 ¹

155 929 263 1033 jocuss
276 926 366 1009 illius
386 932 531 1020 iudicat,
555 960 651 1031 quem
674 930 773 1006 resert
793 931 985 1007 Macrobius
1011 931 1066 1006 bis
1091 931 1222 1006 verbis:

163 1081 179 1112 α
199 1048 331 1147 Ajacem
344 1044 537 1142 tragediam
555 1045 748 1144 scripserat,
761 1072 914 1146 eamque,
930 1043 1019 1145 qnod
1034 1043 1099 1118 sibi
1109 1042 1224 1145 displi-

160 1198 178 1229 »
197 1167 336 1255 ruisset,
363 1161 534 1238 deleverat.
551 1162 671 1234 Postea
694 1162 834 1250 lucius,
858 1163 965 1257 gravis
989 1160 1221 1256 tragoediarum

160 1315 180 1347 u
201 1295 347 1368 auctor,
366 1308 441 1354 eum
466 1278 698 1373 interrogavit,
718 1277 797 1380 quid
821 1297 931 1375 ageret
954 1279 1037 1377 Ajax
1058 1307 1138 1353 suns
1157 1309 1165 1350 :
1182 1281 1222 1352 ln

161 1427 179 1460 »
201 1394 393 1495 spongiam,
406 1390 530 1494 inquit,
545 1387 734 1463 incubuit»
749 1392 907 1467 Praeterea
918 1390 1048 1465 nobiles
1059 1392 1218 1492 pictores,

160 1526 201 1583 ut
213 1525 295 1583 snut
307 1507 427 1605 gemini
442 1506 585 1604 germani
601 1523 772 1607 poetarum
787 1505 879 1604 (inl
891 1508 953 1599 ea'g
966 1508 1121 1600 ζωγραφία
1138 1510 1222 1581 ποίη-

160 1659 203 1708 σις
221 1632 381 1714 arndeo,
401 1627 512 1705 solerte
530 1623 571 1696 dl
587 1624 737 1720 (cypseles
756 1627 892 1698 λαλοὶἷσα
904 1627 943 1723 ),
964 1626 999 1698 in
1016 1655 1055 1699 eo
1075 1653 1109 1699 se
1125 1655 1221 1723 argu·

160 1759 273 1816 mento
290 1741 430 1816 libenter
446 1759 676 1828 enumerant,
694 1768 837 1841 suasque
855 1737 983 1814 tabulas
998 1741 1039 1815 iis
1052 1740 1222 1816 coloribus

161 1855 363 1930 inusserunt.
378 1855 587 1929 Timanthem
600 1870 634 1927 et
645 1851 855 1928 Parrhasium
872 1869 991 1942 testor,
1003 1883 1151 1956 quornm
1165 1856 1221 1929 hic

162 1969 414 2069 Sami,'magnis
429 1969 619 2067 suffugiis,
642 1987 681 2044 ut
696 1967 825 2044 Plinius
847 1967 1009 2071 loquitur,
1028 1971 1069 2044 ab
1091 1970 1168 2061 illo,
1185 1972 1221 2044 in

163 2085 260 2183 Ajacc
281 2100 513 2186 armorumque
536 2084 661 2184 judicio
680 2102 869 2185 superatus,
894 2085 1004 2159 herois
1017 2086 1170 2176 nornine,
1186 2114 1222 2161 se

162 2196 296 2272 moleste
311 2198 396 2273 ferre
413 2198 559 2286 dicebat,
576 2199 664 2299 quod
677 2199 797 2273 iterum
808 2196 849 2272 ab
860 2198 1110 2294 indignorictus
1123 2218 1217 2276 esset.

125 2346 131 2361 ·
161 2315 274 2417 ltaque
298 2316 333 2388 in
359 2343 397 2388 eo
422 2317 637 2390 carmicense
655 2345 755 2417 opera
775 2343 844 2389 mea
862 2344 922 2389 nec
938 2335 1044 2392 vestra
1059 2315 1217 2392 ludetur:

158 2449 219 2505 nec
235 2434 264 2504 si
281 2431 421 2532 propior
437 2429 543 2532 stylus
553 2433 609 2505 bic
626 2461 722 2533 quam
736 2434 920 2519 cothurno,
934 2435 1029 2508 vobis
1045 2433 1143 2508 vilior
1160 2434 1218 2508 lra-

157 2542 317 2622 bebitur':
331 2544 395 2619 uisi
406 2545 491 2618 sorte
504 2545 664 2645 quosdam
674 2547 717 2621 ab
733 2546 846 2623 Ovidii
858 2546 997 2620 lectione
1011 2547 1147 2620 abducit
1157 2548 1218 2620 Se-

158 2685 249 2731 neca
265 2655 476 2758 philosophi,
495 2674 528 2730 ct
543 2658 636 2731 Fabii
651 2658 793 2736 rbetoris
808 2660 1004 2746 auctoritas,
1022 2659 1081 2760 qui
1096 2658 1219 2733 ovidio

159 2805 230 2852 non
253 2773 394 2849 multum
419 2775 591 2865 tribuunt,
611 2777 679 2852 sive
700 2779 813 2880 potius
832 2779 1011 2881 plurimum
1032 2778 1217 2852 detrahunt.

160 2893 267 2968 Fabio
280 2892 391 2994 prius,
409 2892 572 2994 posterius
582 2893 710 2967 Seneca
723 2895 942 2996 respondebo.
959 2895 1096 2984 Fabius,
1110 2893 1145 2967 in
1158 2893 1217 2968 lib.

160 3012 194 3084 X
209 3010 459 3084 Institutionum
474 3010 703 3084 Oratoriarum
714 3033 809 3111 ,¹cap.
834 3037 848 3080 1
864 3066 873 3097 ,
891 3009 951 3083 nbi
967 3009 1008 3083 de'
1023 3012 1101 3084 viet
1115 3010 1217 3085 sacul-

162 3143 225 3202 tate
235 3143 405 3228 poetarum
420 3125 592 3225 utriusque
606 3123 726 3220 linguas
735 3123 879 3212 disserit,
890 3127 938 3200 ita
948 3127 989 3200 de
1002 3128 1125 3203 ovidio
1140 3157 1219 3230 pro-

163 3244 290 3317 nuntiat
305 3273 313 3316 :
327 3278 344 3308 α
356 3241 512 3316 Lascivus
523 3240 558 3313 in
570 3240 712 3315 heroicis
722 3269 853 3344 qnoque
868 3242 1024 3331 Ovidius,
1035 3261 1069 3317 et
1077 3245 1218 3319 nimium

164 3391 182 3421 a
198 3374 321 3432 amator
330 3357 452 3453 ingenii
465 3356 525 3434 sui.
540 3358 636 3432 »Nec
648 3355 765 3458 procul
778 3357 855 3432 hinc
869 3388 877 3431 :
892 3391 910 3424 κ
922 3359 1063 3434 Ovidius
1079 3378 1218 3461 utroque

164 3504 181 3535 »
200 3471 348 3565 (l‘rbullo
357 3493 390 3548 et
400 3473 594 3575 Propertio)
602 3471 764 3550 lascivior.
775 3475 850 3549 »Ac
860 3473 1066 3576 paulopost:
1080 3510 1097 3541 s
1107 3474 1220 3550 Ovidii

164 3622 180 3654 u
198 3589 314 3663 Medea
325 3590 548 3688 (idtragoediae
558 3595 696 3685 nomen)
703 3592 833 3670 videtur
839 3592 921 3666 mibi
930 3593 1102 3668 ostendere
1111 3620 1218 3693 quan·

163 3741 180 3773 >³
202 3724 272 3779 tum
288 3707 338 3779 vir
351 3704 406 3781 ille
419 3727 571 3808 praestare
585 3710 751 3810 potuerit,
769 3709 802 3802 si
815 3728 993 3813 temperare
1004 3711 1139 3806 ingenio
1156 3735 1216 3780 suo

163 3856 180 3888 u
200 3849 298 3922 quam
313 3821 485 3918 indulgere
498 3824 678 3900 maluisset.
698 3858 715 3890 o
731 3825 829 3898 Amat
843 3823 1011 3920 ingenium
1024 3844 1119 3897 'suum
1133 3821 1219 3896 Ovi-

161 3937 236 4010 dius
252 3967 260 4010 :
277 3954 434 4034 magnum
447 3937 580 4028 crimem
598 3956 631 4012 et
642 3938 685 4012 ad
698 3936 843 4014 tribunal
855 3942 892 4012 L.
911 3938 1015 4013 Cassii
1032 3936 1217 4038 quesitoris

162 4049 397 4133 deserendum?
414 4053 560 4139 Mirum,
578 4053 614 4128 ni
627 4053 734 4130 oderit
750 4084 759 4127 :
776 4064 868 4128 more
881 4053 1053 4128 hominnm
1066 4051 1166 4140 facit,
1186 4070 1223 4135 et
