2752 5136
155 748 217 842 176
480 750 725 817 P.0V1D11
755 749 889 817 uma

151 888 335 963 tituendum
348 889 540 989 suscepisse.
554 890 645 962 Idem
656 890 774 964 diserte
786 890 875 964 canit
887 888 1122 962 Albinovanus
1132 891 1215 964 Con

149 1004 211 1078 sol.
228 1005 270 1078 ad
285 1003 425 1092 Liviam,
446 1006 485 1079 de
499 1008 612 1080 lllorte
628 1006 747 1091 Drusi,
765 1033 783 1077 a
799 1030 881 1076 vers.
902 1001 973 1075 283
990 1032 998 1074 :

313 1151 404 1220 Adjtce
416 1152 537 1214 ledeos,
549 1150 688 1205 concordia
700 1149 785 1204 sidera
794 1190 802 1218 ,
807 1150 920 1216 fratres,

350 1237 503 1306 Templaque
515 1238 633 1289 Romano
645 1235 828 1304 conspicienda
831 1235 893 1301 soro
908 1245 958 1288 etc.

316 1321 371 1374 Nec
381 1340 427 1374 sua
438 1320 597 1390 conspiciet,
609 1320 735 1373 miserum
746 1318 802 1372 rure!
813 1337 923 1371 munera
936 1321 1054 1381 Drusus,

345 1404 400 1456 Nec
411 1423 457 1456 sua
469 1421 522 1473 pro>
535 1402 625 1473 templi
638 1404 746 1455 nomina
760 1402 848 1455 fronte
862 1401 944 1471 leget!

310 1487 384 1557 Scope
397 1489 478 1541 Nnno
492 1492 500 1520 ¹
514 1488 540 1540 iu
552 1487 672 1542 lacrimas
683 1487 820 1540 summissa
832 1505 894 1538 voce
909 1485 1048 1554 loquetur:

351 1570 408 1623 Cur
419 1571 602 1636 adsultans,
616 1569 668 1624 beu
678 1570 683 1621 !
694 1571 749 1623 sine
761 1570 841 1623 fratre
851 1608 859 1635 ,
871 1570 962 1621 Deos?

152 1689 219 1762 Dio
238 1699 250 1727 ²
269 1686 391 1788 pariter
418 1703 576 1774 testatur,
599 1686 633 1758 id
652 1685 810 1785 templum
829 1684 1000 1784 utriusque
1016 1683 1144 1772 lintris,
1162 1687 1218 1758 Ti-

153 1806 239 1879 berii
257 1804 446 1903 Drusique,
469 1803 600 1875 nomine
617 1801 804 1874 dedicatum
819 1801 939 1887 fnisse,
961 1829 1116 1889 narrans,
1136 1802 1217 1876 illud

154 1922 250 1994 etiam
261 1918 391 2015 plebem
403 1919 584 1990 Romanam
594 1916 748 1990 memoria
759 1917 861 1990 Drusi
872 1917 1080 2007 recreavisse,
1094 1953 1110 1983 «ι
1126 1919 1216 2019 quud

155 2069 171 2097 u
193 2034 348 2108 Tiberius
377 2035 412 2107 in
437 2034 641 2106 dedicatione
665 2033 744 2107 adis
762 2034 911 2107 Castoris
935 2050 968 2106 et
985 2033 1128 2108 Pollucis
1144 2065 1212 2109 non

156 2187 172 2215 u
195 2149 368 2224 Claudiani
387 2149 509 2235 modo,
529 2149 726 2253 (adoptatus
742 2151 828 2225 enim
847 2151 882 2223 in
899 2150 1053 2225 familiam
1071 2153 1214 2248 Augusti

55 2317 59 2331 ι
158 2268 412 2342 »Claudianum
442 2295 475 2341 se
505 2294 569 2367 pro
594 2265 735 2340 Claudio
760 2267 1022 2366 nuncupabat),
1046 2267 1103 2343 sed
1126 2268 1214 2344 illius

159 2420 175 2449 »
198 2384 350 2481 (Drusi)
369 2408 503 2482 quoque
519 2410 640 2455 nomen
657 2383 686 2456 ei
701 2383 880 2482 inscripsit.
903 2417 919 2445 u

203 2499 331 2572 Deinde
349 2502 438 2571 Naso
456 2497 568 2570 codem
584 2498 694 2597 priore
711 2495 784 2569 loco
800 2497 938 2582 indicat,
955 2496 1112 2597 templum
1136 2498 1215 2574 illud

153 2614 198 2686 ad
207 2615 305 2686 lucrum
322 2613 508 2696 Juturruuu,
530 2630 569 2684 ut
583 2612 683 2685 babet
699 2611 794 2684 etiam
811 2611 1129 2701 Victor,'suisse‚'in
1144 2615 1213 2715 ipso

154 2728 391 2826 nimirumsaru
408 2729 574 2813 Roruuuo,
602 2728 652 2800 uti
677 2725 747 2800 loca
770 2726 870 2799 modo
894 2754 932 2799 ex
954 2727 1164 2803 Albinovano
1182 2756 1214 2802 ac

155 2844 313 2918 Suetonio
333 2842 462 2917 laudata
479 2845 648 2929 evincunt,
669 2871 740 2942 quae
759 2842 942 2916 doctissimi
961 2844 1021 2914 viri
1039 2844 1187 2916 Donatus
1203 2842 1213 2880 ³

154 2988 190 3032 ac
211 2959 348 3032 Nardini
368 2957 379 3005 ⁴
398 2960 438 3031 de
455 2962 560 3033 Roma
578 2958 713 3057 antiqua
737 2958 914 3030 scribentes
936 2957 1137 3043 omiserunt,
1158 2956 1215 3030 alia

152 3075 371 3173 proferentes,
387 3104 458 3174 quae
469 3074 572 3148 lector
584 3069 742 3170 consulat.
755 3071 885 3145 Addere
900 3090 1005 3144 taurea
1020 3071 1114 3145 lubet
1127 3072 1216 3147 aliud

153 3192 260 3265 adbuc
278 3220 317 3264 ex
334 3194 457 3265 Nostro
476 3188 716 3273 testimonium,
740 3217 806 3287 quo
825 3206 933 3287 patet,
951 3188 1099 3263 Castoris
1116 3189 1216 3264 aedem

154 3304 256 3377 suissc
272 3303 452 3403 proximam
469 3303 556 3376 Julit'
572 3301 706 3376 Coesort's
725 3299 868 3402 templo,
888 3303 979 3403 quod
1000 3321 1032 3374 et
1049 3303 1084 3375 in
1102 3303 1213 3376 eodem

153 3419 225 3490 loro
242 3417 462 3490 constitutum
480 3434 610 3491 constat
623 3414 654 3505 ⁵,
673 3416 796 3491 scilicet
813 3416 871 3489 lib.
890 3419 922 3489 ll
942 3446 980 3490 ex
998 3418 1128 3505 Ponto,
1146 3420 1209 3516 Ep.

157 3550 201 3617 11,
221 3559 301 3605 vers.
321 3531 367 3603 85
384 3550 416 3604 ct
429 3531 476 3603 86
491 3561 498 3603 :

316 3677 450 3730 Fratribus
461 3675 597 3730 adsimileis
607 3715 614 3740 ,
626 3695 691 3744 quos
702 3677 817 3743 proxima
832 3675 926 3744 templa
939 3687 1058 3730 tenentes

348 3757 431 3811 Divus
441 3758 472 3810 ab
484 3759 581 3812 excelsa
591 3757 678 3811 Julius
689 3756 743 3810 aede
756 3757 834 3810 videt.

184 3903 193 3932 ¹
211 3895 333 3952 Tiberius
344 3915 439 3965 nempe
453 3897 542 3962 Nero,
556 3895 636 3949 Drusi
648 3895 731 3949 frater
743 3906 806 3950 natu
817 3900 918 3968 major,
936 3899 980 3966 qui
993 3907 1049 3967 post
1062 3894 1213 3963 Augustum

152 3982 297 4056 imperavit.

182 4071 194 4100 ²
211 4066 268 4120 Lib.
279 4065 337 4131 LV,
351 4086 407 4137 pag.
417 4068 472 4138 567.

183 4147 194 4181 ³
210 4148 267 4202 Lib.
281 4147 323 4213 ll,
337 4167 391 4217 cap.
407 4141 452 4218 ι7

181 4232 193 4268 ⁴
211 4231 266 4285 Lib.
280 4230 364 4295 Vlll,
377 4248 431 4297 cap.
446 4232 469 4295 4.

183 4312 194 4345 ³
211 4312 276 4366 Aliis
287 4313 403 4377 omissis,
424 4309 665 4377 retentoribus,
682 4311 750 4366 Faat.
760 4312 804 4366 lib.
821 4313 878 4378 111,
891 4332 955 4365 vers.
970 4332 1016 4383 7⁰²
1032 4333 1038 4365 :
1054 4333 1068 4358 α
1082 4313 1153 4381 Quce
1166 4332 1213 4368 ce-

151 4394 213 4447 cidit
223 4394 303 4461 lerrn,
316 4397 423 4450 Cesaris
434 4392 527 4446 umbra
536 4392 593 4445 suit
604 4392 649 4446 llle
660 4394 767 4462 quidem
774 4396 836 4450 caelo
849 4396 944 4465 positus
956 4395 1029 4448 Jovis
1041 4396 1209 4461 attinerent,

154 4473 189 4528 Et
200 4487 271 4531 tenet
285 4480 312 4531 in
324 4497 420 4548 magno
431 4481 525 4546 templa
536 4475 618 4530 dicata
630 4480 722 4532 utro.»
