2768 4694
547 398 670 468 IBIS.

126 549 202 620 Non
219 544 346 645 patitur
360 538 474 614 miseri
488 538 604 614 lunera
623 537 701 612 llere
717 537 798 610 riri:

79 664 259 761 Quumque
277 687 340 753 ego
358 685 478 757 quassa
496 683 576 729 meas
592 652 794 754 complectar
807 651 955 728 membra
969 655 1104 742 carina,

127 776 299 873 Naufragii
316 773 446 848 tabulas
463 790 591 874 pugnat
608 771 730 845 habere
746 771 830 858 mei;
908 797 910 801 ·

80 900 126 971 Et
142 895 200 998 qui
218 895 377 967 debuerat
393 889 524 964 subitas
538 886 747 981 exstinguere
761 885 928 977 flammas,

130 1015 165 1086 ls
182 1010 328 1113 praedam
346 1006 457 1080 medio
472 1021 588 1106 raptor
603 1004 646 1076 ab
665 1003 742 1097 igne
761 1002 847 1076 tulit.
1121 1044 1153 1080 20

83 1131 212 1205 Nititur
227 1143 268 1199 ut
282 1122 430 1224 profugae
447 1120 555 1193 desint
571 1117 724 1191 alimenta
741 1135 895 1207 senectam
959 1173 969 1190 .

134 1244 230 1319 Heu!
249 1255 376 1340 quanto
391 1235 515 1308 nostris
532 1233 664 1328 dignior
680 1233 753 1335 ipse
769 1231 886 1306 malis!

90 1362 136 1433 Di
154 1355 292 1432 melius!
312 1380 453 1453 quorum
472 1349 570 1446 louge
588 1349 669 1422 mihi
686 1350 850 1425 maximus
868 1349 943 1441 ille,

139 1475 208 1571 Qui
225 1487 356 1545 nostras
373 1468 491 1568 inopes
507 1465 617 1539 noluit
630 1493 700 1539 esse
715 1466 794 1538 vias.

89 1593 175 1668 Huic
195 1590 297 1686 igitur
311 1584 446 1660 meritas
462 1599 587 1678 grates,
603 1581 793 1683 ubicunque
807 1582 938 1674 licebit,
1099 1616 1101 1620 ⁴
1122 1613 1156 1666 25

124 1750 161 1802 15.
174 1751 232 1802 Non
240 1749 340 1813 patitur
350 1739 601 1808 maserisunerafiere
649 1747 710 1806 past
725 1737 897 1808 adpellantur.
919 1740 1017 1796 Sensus
1030 1757 1087 1801 est:
1100 1748 1160 1818 ille,

91 1833 144 1881 „gg
159 1826 259 1894 Argum
275 1820 399 1877 Politiani
415 1818 519 1872 liberet
532 1836 602 1872 unus
650 1817 766 1887 quisquis
777 1829 834 1884 est,
849 1818 929 1874 hostis
941 1824 1102 1894 mersimus,
1116 1848 1163 1882 co-

92 1905 211 1957 Vatican.
226 1906 282 1954 ur'n‘
295 1905 363 1952 nr'rt:
380 1896 480 1950 exsules
493 1895 603 1950 civiliter
650 1908 730 1950 natur
742 1906 770 1950 et
783 1898 855 1953 uxori
870 1909 896 1952 et
912 1900 1000 1956 liberis
1016 1904 1085 1959 bona
1100 1907 1163 1962 adi-

93 1983 198 2034 mortui.
218 1978 319 2033 Seneca
338 1975 468 2043 relegatus
487 1973 515 2024 in
534 1972 603 2041 Epi-
652 1993 741 2042 mere,
754 1976 882 2045 quumihi
895 1979 1062 2035 aetateiracto
1074 2022 1081 2050 ,
1094 1996 1120 2038 et
1133 1988 1161 2041 in

94 2068 238 2131 grammate
249 2055 281 2107 ad
291 2053 425 2107 Corsicam
437 2067 443 2100 ε
453 2075 464 2097 α
475 2051 556 2104 Parce
565 2069 603 2103 re·
651 2061 779 2106 extremas
801 2054 880 2107 Ponti
902 2075 959 2110 oras
981 2059 1066 2127 ejecto
1078 2101 1086 2128 ,
1109 2062 1164 2116 ali-

94 2139 200 2208 tegatis,
211 2136 260 2188 hoe
269 2145 324 2198 est,
339 2133 391 2200 jam
405 2148 479 2199 parre
489 2126 604 2197 sepultis.
651 2139 742 2184 menta
751 2131 918 2201 suppeditare
929 2149 1070 2204 nequeant.
1080 2138 1164 2195 Recte

95 2219 227 2270 Vivorum
235 2213 315 2268 cineri
325 2211 357 2263 sit
367 2221 411 2262 tua
419 2221 490 2262 terra
500 2207 577 2269 levis;
589 2229 603 2255 ι
647 2207 784 2278 projiagam
793 2220 919 2264 senectam
926 2224 1014 2281 vocat,
1025 2216 1094 2284 quod
1105 2237 1166 2287 pro-

95 2296 227 2357 Rutitius,
240 2288 382 2344 itinerario
395 2286 428 2340 de
442 2287 527 2340 amico
545 2286 605 2338 rito
652 2288 693 2341 cul
705 2307 719 2340 a
730 2287 825 2342 finibus
835 2290 961 2345 Romanis
973 2295 1078 2363 pulsus,
1093 2298 1162 2368 apud

97 2372 249 2427 monasticae
263 2367 385 2422 addicto:
398 2388 410 2411 u
426 2365 548 2419 Perditus
564 2363 606 2416 hic
654 2365 772 2420 Tomitas
787 2386 923 2424 senescere
939 2369 1065 2441 inglorius
1080 2394 1165 2446 coga-

98 2453 156 2505 viro
173 2451 270 2502 iuuere
284 2445 346 2499 civis
361 2452 426 2494 erat.
439 2463 451 2487 r
467 2444 554 2494 Exsul
563 2441 610 2492 abi
654 2451 705 2495 tur.
720 2441 834 2497 Dlsszt.

96 2547 217 2598 mquam
227 2528 299 2577 domi
304 2528 357 2580 est,
377 2525 434 2572 seire
446 2523 558 2586 sepulcro
568 2525 609 2569 est
688 2543 727 2574 aa.
739 2523 807 2577 Heu!
815 2532 909 2591 quanto
916 2536 957 2578 est
966 2533 1061 2581 nostris
1067 2533 1166 2598 degniar

97 2614 221 2664 mortuus,
242 2599 310 2670 apud
333 2598 364 2650 P.
384 2597 489 2667 Syrum.
506 2595 606 2648 Seneca
654 2599 789 2652 attentates!
799 2602 1166 2678 Quantonostn'sde'gnr'orrpse

83 2683 229 2741 urgebam·
246 2705 259 2727 a
279 2681 359 2733 funus
371 2676 489 2730 extendis
501 2693 606 2736 meum,
631 2735 633 2739 ¹
655 2674 747 2730 malr'sl
758 2675 845 2745 scripti
859 2677 987 2733 meliores.
1000 2683 1100 2738 lintres.

101 2767 256 2833 Longaque
271 2763 320 2814 vivi
333 2761 405 2812 duris
417 2758 547 2827 exsequias
560 2775 607 2824 pa·
689 2752 729 2804 23.
747 2755 788 2806 Da*
799 2754 904 2809 melius!
918 2757 985 2812 Nota
1004 2761 1092 2829 priscis
1104 2762 1167 2817 ior-

102 2841 157 2894 ιώ,
168 2863 181 2885 ,
192 2840 365 2892 leffium,
375 2836 437 2890 Viri
447 2834 494 2886 riri
504 2831 609 2886 calami·
656 2828 726 2880 mula
737 2850 744 2889 ;
754 2829 826 2900 Virg.
834 2830 867 2885 G.
877 2832 929 2898 ΙΙΙ,
938 2836 1003 2904 513,
1015 2840 1056 2889 m·
1064 2844 1168 2896 melchta

101 2927 184 2972 tatem
194 2956 201 2981 ,
210 2911 536 2968 epmevivumacersulem
545 2929 607 2979 pcr-
652 2907 803 2973 pir's;0rid.
817 2911 882 2966 lllet.
894 2903 957 2979 Vll,
970 2918 1013 2987 37,
1022 2920 1171 2978 Btmeltora

101 2996 163 3050 iude
173 3015 200 3048 ar
208 3004 346 3047 mortuum
357 2990 449 3044 iuuere.
462 2988 592 3060 prosequi.
657 2989 741 3038 velent.
752 3015 786 3025 -
799 2990 908 3054 (luorum
924 2997 999 3062 longe
1008 3002 1169 3058 mihimet-

139 3095 174 3148 ¹9·
196 3075 299 3126 satiras
317 3078 471 3138 exstinguere
480 3071 610 3135 stammas.
657 3069 769 3117 masella.
785 3065 932 3136 Augustum
942 3071 1076 3144 inteiligit,
1087 3099 1168 3147 quem

103 3151 171 3206 Mphi
185 3149 323 3221 opitulari,
340 3149 406 3201 sicut
416 3147 500 3201 solent
514 3145 611 3198 insen·
659 3141 737 3196 Trist.
746 3143 783 3208 ΙΙ,
798 3146 1171 3221 54,prasentemconspe'cuum-

103 3231 153 3283 diis
176 3229 298 3281 homines
321 3223 499 3295 extinguendo
520 3221 610 3290 ignem
658 3222 925 3292 queDeamadpellat.
939 3227 1021 3297 Quod
1035 3240 1170 3293 reroAu·
1185 3257 1197 3281 ¹

105 3308 228 3361 auxilium
241 3315 370 3375 prame,
381 3305 411 3355 z,
659 3308 749 3367 gustus
763 3311 847 3369 poetae
866 3315 956 3358 nostro
971 3308 1040 3363 bona
1057 3315 1169 3374 minime

140 3405 180 3439 ao.
193 3387 246 3438 Hic
257 3385 368 3449 predam
385 3382 466 3431 metu
478 3388 566 3447 raptor
578 3381 612 3431 ab
661 3377 810 3444 ademerit,
830 3381 883 3450 ipse
896 3384 1001 3442 abunde
1022 3394 1093 3448 testis
1110 3410 1149 3454 est
1163 3420 1172 3465 ς

103 3454 241 3530 [βψω.
260 3462 330 3512 Tum
338 3457 425 3510 Jureti
436 3455 517 3512 codex
526 3479 532 3521 ;
542 3456 613 3523 serre
662 3457 773 3529 «idque
792 3461 865 3516 Deus
881 3467 977 3535 sentit,
996 3490 1110 3544 proquo
1122 3498 1172 3534 nec

100 3544 212 3610 'radam
223 3537 334 3609 elegans.
351 3537 451 3590 Herus.
661 3538 752 3592 lumen
764 3539 917 3611 ademptum
923 3558 963 3600 est
972 3571 979 3612 ;
989 3549 1044 3606 Nec
1052 3554 1115 3608 mihi
1124 3558 1174 3613 de-

138 3637 178 3670 21.
200 3620 338 3672 Alimenta.
361 3616 491 3666 Alimenta
508 3613 614 3683 exponit
661 3628 755 3672 tractas
767 3619 881 3688 possidet
896 3624 961 3678 alter
973 3646 1042 3697 opes.
1057 3654 1071 3679 n
1085 3634 1172 3690 Rele-

106 3695 268 3751 Glossarium
281 3706 356 3748 retus
371 3698 498 3823 &previgni
509 3703 550 3748 καὶ
563 3718 616 3786 epo-
663 3695 774 3765 gationis
797 3696 956 3755 beneficium
973 3705 1120 3776 significat,
1138 3713 1172 3768 ab

111 3787 177 3842 frte,
189 3776 237 3829 hoc
250 3785 289 3828 est
299 3814 306 3840 ,
318 3773 449 3843 praemiae
471 3773 615 3840 ucatioms,
665 3775 784 3843 Augusto
802 3787 936 3846 acceptum
957 3801 962 3834 :
983 3783 1043 3839 alias
1059 3805 1152 3844 eorum

111 3848 165 3901 sive
181 3853 249 3916 quod
265 3850 416 3922 parentibus
435 3850 617 3905 nutricationis
665 3853 709 3922 qui
720 3853 891 3908 exsilioerant
901 3857 1018 3913 damnati
1030 3872 1057 3915 et
1070 3833 1174 3936 depor:

111 3946 189 3980 causa
207 3947 222 3979 a
238 3931 295 3984 liliis
313 3928 475 4000 rependitur.
494 3929 617 3999 Legimus
665 3929 733 3997 tasi,
757 3927 826 3985 bona
838 3935 1044 4003 publicabuntur·
1059 3940 1176 4002 Densus.

112 4008 209 4061 liberos
231 4013 377 4075 parentibus
399 4022 474 4065 atate
493 4011 618 4066 ronicctis
699 4011 738 4076 Ἰ·
754 4012 845 4079 IMW
861 4018 926 4066 ΨΜ·
948 4013 1080 4075 Vli'llfflm
1100 4027 1173 4081 “lim

112 4085 237 4139 alimenta
246 4125 254 4152 ,
263 4084 314 4140 sire
322 4097 445 4164 spessime
453 4089 618 4159 suppeditare
667 4087 747 4142 dedit.
760 4091 831 4143 ΖΑΒ.

112 4161 211 4233 legibus
222 4172 343 4219 coactos:
354 4162 450 4237 Grecis
462 4173 526 4235 νόμοι
537 4174 621 4242 erlap-
700 4172 738 4222 25.
753 4172 822 4224 Huic
836 4173 915 4236 igitar
929 4179 1031 4228 manias
1046 4190 1095 4234 etc.
1109 4183 1173 4237 Au-
