2768 4694
116 315 181 399 ιοι
445 301 845 378 nuurcsmoues

117 453 259 541 ducti,
249 480 284 525 m
302 478 394 526 suam
411 447 445 522 id
461 447 609 544 linguam
626 460 862 522 converterent.
887 440 952 514 Sed
970 437 1065 513 itlius
1080 437 1188 515 laudes

120 566 294 672 prosequi,
309 564 438 665 hujus
428 565 573 640 instituti
589 592 659 637 non
671 579 721 636 est
723 615 819 633 .....
837 559 950 657 Atque
967 570 1063 627 tanto
1074 553 1188 654 jucun·

120 685 249 759 diorem
274 681 337 756 tibi
359 680 504 753 suturam
526 679 639 780 putari
664 678 786 751 horum
808 673 970 747 librorum
995 662 1189 775 lectionem,

121 820 245 905 quanto
264 799 327 874 tibi
343 826 401 872 eos
417 825 488 871 non
503 796 604 871 modo
622 794 783 870 orationis
799 791 946 894 copiam,
963 806 997 863 et
1013 789 1191 871 verborum

120 949 157 992 ae
175 913 412 993 sententiarum
427 911 575 998 lumino,
588 929 623 986 et
634 911 827 1011 adparatum
840 935 914 982 vere
928 904 1115 980 oratorium
1127 931 1191 1006 pre

121 1034 193 1107 aliis
208 1027 434 1106 commendare
445 1055 543 1129 posse
556 1027 820 1128 perspiciebam.
812 1022 892 1097 ·sed
908 1022 1006 1096 etiam
1021 1048 1190 1118 argumen-

123 1168 210 1234 tum,
229 1144 338 1247 quod,
356 1160 476 1243 praeter
492 1141 638 1217 liberalis
654 1140 810 1216 doctrinae
828 1139 956 1239 copiam
973 1137 1190 1223 uberrimam,

124 1266 301 1341 chronicon
322 1260 487 1362 quoddam
500 1261 752 1362 complectitur,
769 1258 837 1332 sive
849 1256 996 1331 historiae
1007 1255 1193 1346 ιιίιωμιιαῖι

124 1398 221 1480 atque
233 1379 282 1461 ri}
297 1375 418 1450 sallao
434 1373 548 1468 adrolo
550 1430 637 1447 .....

211 1687 563 1775 RAPHAELIS
593 1687 773 1773 REGll
806 1685 1117 1773 PRAEFATIO

414 1888 472 1941 AD
496 1886 920 1943 METAMORPHOSES.

182 2113 204 2131 ..
216 2113 240 2129 ..
260 2056 334 2130 SED
348 2056 427 2156 quid
441 2055 481 2129 de
496 2054 758 2156 Metamorphosi
771 2054 896 2130 multa?
911 2050 1090 2155 Exemplar
1101 2049 1197 2140 milri,

133 2190 172 2247 ut
185 2170 286 2253 semel
304 2171 429 2257 dicam,
450 2170 553 2246 totius
563 2170 715 2246 humanae
728 2187 762 2244 et
777 2171 882 2245 civilis
894 2170 967 2243 vitae
981 2197 1053 2244 esse
1062 2168 1197 2249 ridetur.

134 2290 226 2364 Adeo
243 2287 360 2390 plane,
377 2286 459 2360 adeo
476 2289 624 2389 copiose,
642 2316 855 2389 quaecumque
871 2316 938 2361 non
956 2286 1124 2363 eruditum
1136 2313 1200 2361 mo·

136 2408 197 2493 do,
214 2432 326 2479 rerum
345 2401 474 2477 dicendi
491 2432 623 2504 quoque
639 2421 673 2476 et
689 2404 805 2499 agendi
822 2403 964 2505 peritum
980 2401 1110 2477 efficere
1125 2430 1201 2504 poa-

136 2540 228 2609 sunt,
247 2550 266 2594 a
284 2519 518 2595 facundissimo
529 2538 627 2621 poeta
638 2518 852 2620 explicantur.
864 2523 934 2594 Nec
945 2519 1065 2617 injuria
1080 2517 1203 2608 Graeci,

137 2635 285 2733 quamvis
298 2662 334 2708 se
349 2634 505 2707 omnibus
516 2632 590 2708 aliis
601 2633 792 2708 nationibus
807 2633 999 2733 disciplinas
1013 2632 1202 2719 tradidisse,

136 2778 172 2821 ac
190 2749 315 2824 nullius
340 2751 405 2850 ipsi
423 2749 545 2823 auxilio
562 2778 698 2849 prorsus
714 2751 859 2847 indigere
878 2750 979 2823 videri
998 2747 1123 2836 velint,
1140 2748 1202 2821 hoc

138 2882 244 2936 tamen
255 2892 341 2963 opus
350 2920 361 2946 ,
370 2881 509 2965 propter
517 2865 806 2953 maximamrerum
818 2865 953 2961 cognitu
963 2864 1203 2967 pulcherrima-

138 3006 211 3051 rum
225 2982 368 3079 eopiam,
385 2999 527 3056 enostra
541 2980 654 3078 lingua
665 2983 698 3054 in
712 3009 803 3055 suam
818 2982 907 3055 omni
917 2981 1028 3055 studio
1045 2982 1201 3081 interpre-

139 3093 273 3168 tandum
284 3096 543 3197 uertendumque
553 3115 709 3171 curarunt
722 3127 729 3183 ;
740 3114 779 3169 ut
790 3126 950 3199 perquam
962 3097 1146 3171 mirandum
1158 3092 1202 3168 sit

141 3211 295 3283 hactenus
312 3209 347 3281 in
364 3227 455 3284 tanta
472 3211 673 3312 scriptorum
692 3213 790 3287 turba
809 3215 889 3287 citra
905 3214 1006 3287 ullam
1023 3229 1204 3288 accuratam

139 3325 377 3426 expositionem
390 3326 479 3427 apud
495 3347 628 3402 nostros
644 3328 690 3401 ita
704 3329 859 3426 jacuisse,
877 3348 944 3403 uta
960 3330 1076 3431 paucis
1091 3329 1209 3403 admo·

142 3444 219 3517 ‹lum
237 3440 478 3543 perlegeretur,
495 3471 596 3545 quum
614 3437 793 3545 presertim
808 3463 841 3518 et
852 3446 972 3519 variam
986 3446 1154 3547 plerisque
1170 3444 1208 3519 in

140 3557 223 3633 loeis
246 3576 402 3659 exposcat
423 3557 662 3646 eruditionem,
687 3577 720 3631 et
739 3561 773 3632 in
799 3560 914 3660 primis
939 3560 1209 3636 adolescentibus

142 3674 346 3749 laudatarum
362 3674 483 3748 artium
500 3674 611 3748 studio
624 3675 796 3751 destinatis
807 3679 850 3751 sit
863 3679 1118 3781 praelegendum.
1130 3684 1208 3755 Nou

142 3790 249 3864 solurn
273 3791 358 3865 enirn
385 3808 508 3864 veteres
523 3789 703 3894 ¹historiae,
727 3822 798 3893 que
821 3814 961 3897 propter
977 3799 1208 3899 antiquitatem

142 3904 328 3980 fabularum
344 3905 416 3979 loco
430 3905 615 3994 habentur,
635 3936 671 3982 ex
685 3909 914 3986 vetustissimis
927 3914 1120 3989 auctoribus
1138 3914 1206 3990 eol·

142 4018 249 4107 lectae,
278 4022 442 4116 eleganter
464 4020 505 4094 ab
524 4023 645 4097 ovidio
663 4024 913 4117 deseribuntur,
936 4029 991 4105 sed
1010 4032 1055 4104 ita
1074 4050 1107 4106 et
1125 4061 1204 4128 geo-
