2768 4694
453 351 519 416 or
544 349 924 421 sunsamouus.
1160 373 1227 442 ²99

323 486 491 558 Contingunt
500 487 585 543 mellis
596 487 666 542 dulci
680 487 801 559 flavoque
815 487 936 558 liquore,
1039 558 1044 566 ι

322 579 363 633 Ut
370 597 513 647 puerorum
527 588 588 632 setas
599 577 744 648 improvida
756 577 906 634 hedificetur

318 668 465 723 Labrorum
476 679 570 737 unus,
582 669 684 723 interea
696 680 816 740 perpotet
828 688 948 723 amarum

319 758 442 814 Absintbt
454 760 575 827 laticem,
589 758 750 829 deceptaque
760 778 817 812 nou
828 759 958 829 capiatur,

319 850 372 904 Sed
383 849 470 920 potius
483 849 527 903 tali
540 860 610 903 tactu
624 861 739 903 recreata
753 850 876 905 valescat:

317 943 361 998 Sic
373 962 524 1012 ego-nune,
538 942 664 1013 quoniam
677 942 812 997 hortatio
823 941 978 1014 plerumque
991 944 1095 1001 videtur

318 1033 432 1088 Tristior
443 1052 516 1101 esse,
531 1033 625 1102 quibus
637 1052 692 1087 non
704 1044 743 1088 eu
756 1044 880 1099 tractata,
892 1045 1017 1105 retroque

318 1123 420 1194 Volgus
431 1123 554 1178 abhorret
564 1123 597 1176 ab
610 1124 675 1191 bac,
688 1124 758 1177 volui
771 1124 818 1178 tibi
827 1115 1017 1194 suaviloduenti

321 1214 449 1277 Carmine
460 1215 548 1269 Pierio
559 1215 689 1270 rationem
702 1234 831 1284 exponere
843 1225 959 1270 nostram
970 1255 977 1281 ,

321 1307 357 1361 Et
367 1305 441 1377 quasi
452 1306 548 1360 Museo
559 1305 626 1360 dailei
638 1310 790 1377 contingere
803 1306 879 1361 melle
891 1325 898 1360 ε
924 1288 929 1299 ’

321 1396 352 1452 Si
364 1396 411 1451 tibi
420 1396 486 1453 torte
499 1397 617 1452 animum
629 1398 673 1452 tali
686 1399 789 1453 ratione
801 1408 892 1452 tenere

320 1485 447 1543 vmibu
455 1488 484 1543 in
494 1488 591 1543 nostris
601 1508 703 1558 possem
717 1508 724 1542 ε
735 1487 799 1543 dum
813 1487 936 1559 perspicis
948 1507 1058 1542 omnem

321 1580 449 1635 Naturam
460 1598 568 1647 rerum,
581 1599 610 1633 ac
624 1581 750 1650 persentis
762 1581 910 1635 utilitatem.

155 1759 306 1835 Omnino
330 1786 401 1837 nun
417 1756 582 1832 diversum
599 1757 664 1831 suit
679 1755 811 1833 illomm
828 1760 870 1832 ab
888 1760 952 1833 hoc
968 1760 1114 1835 Lucretii
1140 1789 1224 1835 con-

155 1874 231 1949 silio
245 1873 451 1965 institutum,
464 1874 499 1963 iu
516 1872 776 1959 circumlineudo
790 1877 886 1976 quasi
899 1903 1050 1953 versuum
1067 1876 1226 1952 suavitate

155 2005 188 2072 et
204 1987 388 2077 fabularum
408 1985 602 2075 dulcedine,
631 1988 884 2067 amaritudinem
913 1988 1094 2091 disciplina
1114 2019 1226 2069 rerum

157 2102 378 2189 difficilimum
394 2133 402 2176 :
419 2133 487 2205 quo
502 2132 537 2177 se
549 2104 583 2179 id
596 2090 832 2181 consecuturos
846 2104 1028 2204 putabant,
1042 2122 1081 2179 ut
1097 2105 1225 2181 invitati

157 2221 332 2315 amborum
361 2219 567 2318 jucunditate
596 2221 765 2319 auditores
791 2219 950 2296 libentius
976 2221 1141 2296 discerent
1165 2250 1226 2309 ea,

155 2367 296 2439 quorum
326 2334 464 2435 simplex
485 2353 517 2410 et
532 2336 699 2413 horridior
726 2335 863 2411 traditio
884 2363 1037 2411 eversura
1063 2353 1133 2409 erat
1155 2335 1225 2409 ani·

156 2481 246 2547 mos,
265 2471 299 2525 et
315 2476 430 2525 rasura
447 2479 562 2551 aures„
575 2454 754 2552 prasertim
770 2451 986 2527 delicatiores.
1000 2449 1226 2549 Quemadmo-

157 2566 236 2641 dum
250 2567 336 2641 enim
351 2566 387 2638 in
400 2566 528 2666 pictura
539 2567 806 2670 imaginibusque
819 2566 947 2640 colores
960 2566 1036 2668 plus
1049 2564 1223 2653 adficiunt,

157 2711 257 2783 quam
266 2669 473 2768 lineamenta,
485 2710 586 2781 quum
593 2700 733 2784 propter
740 2681 1225 2783 veritatisrepraeseutatiouem,

157 2818 230 2875 tum
247 2824 326 2871 vero
340 2797 385 2872 ob
399 2794 533 2871 fallendi
551 2800 610 2901 qui
623 2798 686 2873 bos
699 2799 868 2875 intuentur
880 2796 1097 2898 aptitudinem
1113 2828 1121 2870 :
1135 2796 1226 2871 itaiu

157 2932 321 3019 poemate,
335 2912 541 2999 mendacium
553 2912 788 3015 probabilitate
797 2929 1011 3014 temperatum
1021 2912 1125 3008 magis
1135 2942 1225 2989 com·

155 3051 284 3121 movet,
304 3032 496 3132 gratiusque
510 3049 560 3109 est
571 3030 734 3133 adparatu
744 3024 896 3111 carminis
906 3030 1019 3105 sabula
1028 3048 1062 3104 et
1070 3030 1227 3127 figmento

155 3149 315 3229 destituti.
336 3150 433 3235 Hauc
448 3148 553 3244 igitur
564 3165 604 3223 ut
618 3148 764 3249 primam·
771 3147 1046 3255 considerationis
1062 3149 1224 3249 antiquis-

158 3269 314 3369 simomm
339 3264 620 3369 pbilosophorum
644 3264 803 3347 tatinum
828 3264 992 3343 exstitisse
1012 3264 1131 3368 aliquis
1157 3294 1225 3342 non

159 3378 279 3459 lrustra
295 3380 486 3485 putaverim
511 3380 557 3453 ita
574 3394 695 3481 prater
710 3380 794 3461 banc
807 3379 1024 3480 jucunditatis
1045 3379 1228 3455 commodi·

161 3509 275 3580 tatem,
294 3521 391 3595 quam
401 3492 465 3568 snb
477 3490 662 3577 fabularum
673 3484 876 3582 involucris,
891 3510 1046 3596 tauquam
1057 3492 1121 3570 sub
1134 3520 1226 3593 pam·

159 3602 248 3705 pinis
267 3633 365 3695 uvas,
381 3605 586 3695 reconditam
604 3633 675 3681 esse
692 3623 841 3694 constat,
862 3606 1015 3682 videntur
1031 3607 1113 3681 mibi
1126 3604 1229 3678 humi-

159 3749 218 3796 nes
228 3720 460 3824 sapientissimi
474 3725 571 3801 etiam
584 3723 779 3799 nonnullam
792 3725 963 3801 brevitatis
974 3725 1010 3799 in
1022 3753 1061 3799 eo
1069 3721 1226 3796 habuisse

158 3838 340 3927 rationem,
357 3856 487 3941 utputa
502 3845 594 3943 ejus,
614 3871 710 3944 quam
728 3841 770 3917 ad
787 3841 971 3919 docendum
987 3840 1126 3916 maxime
1140 3839 1228 3939 judi-

159 3973 273 4030 carent
295 3952 497 4055 adpositum,
515 3986 583 4037 uun
604 3957 708 4033 modo
726 3976 864 4063 augusta
890 3984 998 4031 rerum
1019 3955 1228 4055 expositione

157 4067 280 4143 multas
294 4066 476 4151 sententias
486 4070 815 4175 complectendum
824 4071 921 4151 etiam
934 4068 1101 4157 memoria
1112 4097 1229 4170 quam-
