2768 4694
434 337 509 402 ,ΕΤ
534 332 909 403 PRAEFATIONES.
1147 333 1215 411 313,

151 473 447 577 locupletissimus,
464 493 497 549 et
512 473 625 548 laudat
640 472 842 549 clementiam
852 489 1042 575 ¹praeceptor
1059 473 1213 548 Neronis.

153 593 320 666 Neronem
336 590 376 665 (ie
390 590 751 678 industria‘nominavi‚
769 608 808 665 ut
824 618 863 665 ex
881 619 965 677 ovo,
981 587 1087 690 qualis
1100 615 1218 663 corvus

154 707 272 795 fuerit,
290 706 465 783 aestimetis.
483 706 712 806 thuomodo
734 705 851 779 suisset
866 732 980 805 aquus
995 703 1116 777 Seneca
1137 704 1219 778 ovi-

155 824 229 914 dio,
247 825 305 926 qni
317 825 506 912 Maenali,
523 823 689 898 communi
701 840 874 924 poetarum
885 820 1031 923 parenti,
1051 839 1221 922 quotquot

154 968 254 1014 aureo
275 939 335 1014 illo
351 942 459 1015 exorti
482 956 561 1014 sunt
578 938 722 1034 Augusti
740 936 869 1026 seculo,
888 957 954 1014 tam
970 939 1118 1012 infensus
1134 937 1220 1027 fuit,

156 1071 187 1127 et
206 1055 276 1154 ejus
292 1081 422 1142 mores,
436 1052 538 1140 facta,
556 1051 659 1139 dicta,
675 1053 774 1127 verba
790 1053 931 1155 denique
945 1050 1074 1149 singula
1086 1053 1133 1126 sic
1149 1079 1221 1126 car-

156 1170 228 1270 pit,
250 1187 289 1244 ut
304 1168 455 1242 videatur
469 1166 506 1239 in
520 1195 558 1239 eo
576 1167 938 1245 mustaceo'laureolam
955 1197 1118 1270 quaerere;
1136 1168 1220 1241 etin

158 1285 286 1371 virum,
301 1302 381 1384 post
394 1281 546 1356 homines
561 1288 658 1357 natos
674 1283 857 1385 optimum,
875 1283 1222 1358 beneficentissimum·

163 1426 247 1500 que,
261 1395 441 1493 malignum
457 1393 635 1498 petulantis
651 1393 883 1492 linguonicus
899 1396 1060 1472 effundat.
1082 1401 1149 1471 Ista
1175 1399 1222 1471 vi-

165 1513 286 1588 delicet
294 1512 389 1588 mella
404 1510 519 1608 legerit
532 1512 698 1612 qnondam
708 1511 885 1585 casulinter
895 1510 1014 1584 Corsici
1021 1541 1110 1612 nepes
1120 1514 1220 1587 mon's.

161 1627 198 1701 si
216 1627 286 1701 hec
302 1626 338 1700 in
359 1627 514 1702 Senecam
532 1625 701 1713 acerbius,
727 1624 907 1722 ignoscite3
931 1652 970 1697 eo
986 1653 1039 1699 me
1055 1628 1221 1727 provexit,

160 1772 230 1817 non
249 1743 362 1818 odium
377 1745 525 1828 Senecae,
540 1741 598 1816 sed
614 1742 803 1828 Maecenatis
819 1770 926 1830 amor3
942 1760 977 1817 et
992 1743 1066 1817 Hoc
1076 1744 1106 1816 si
1114 1744 1223 1818 cnineu

161 1859 230 1944 erit,
249 1877 289 1933 ut
305 1859 350 1933 ait
366 1858 577 1960 Propertius,
593 1857 704 1931 crimen
719 1859 830 1936 moris
845 1858 910 1933 cn't.
927 1857 1039 1934 Nolim
1055 1859 1112 1933 illo
1124 1877 1222 1961 paeto

162 1973 286 2048 violare
294 1975 499 2050 sanctitatem
508 1973 655 2048 manium
670 2003 679 2047 ε
695 2002 884 2049 verumnou
898 1993 964 2049 tam
977 1995 1028 2053 est
1040 1977 1224 2051 immanitas

163 2088 283 2165 violare
296 2118 424 2177 manes,
438 2117 536 2189 quam
548 2089 739 2164 humanitas
751 2087 890 2165 violatos
900 2119 1011 2167 manes
1024 2090 1146 2166 ulcisci.
1165 2092 1223 2166 Sa-

165 2208 304 2283 tissaeiat
319 2207 443 2283 ovidio
457 2190 693 2295 attenuati,
712 2233 772 2303 ego
790 2235 864 2280 oum
879 2206 939 2281 illo
955 2207 1080 2282 rediero
1097 2209 1132 2281 in
1150 2236 1224 2303 gra·

166 2324 254 2398 tiam.
273 2322 388 2398 Sentio
404 2341 438 2396 et
452 2319 571 2423 loquor
585 2339 626 2397 ut
639 2320 815 2400 Plautinus
828 2324 951 2398 Tranio
968 2324 1003 2400 iu
1020 2326 1221 2399 Mercatore:

167 2437 255 2511 Mihi
259 2465 329 2537 pue
338 2450 383 2509 est
393 2450 458 2507 cum
469 2435 600 2508 mortuis.

332 2606 400 2661 Ossa
413 2605 516 2674 quieta,
528 2625 636 2677 precor,
650 2618 703 2663 tuta
714 2609 867 2681 requiescite
882 2609 908 2662 in
921 2627 1004 2672 urna,

363 2696 400 2748 Ee
409 2696 443 2749 ait
453 2694 549 2750 humus
559 2697 641 2750 cineri
652 2716 704 2753 non
717 2719 828 2754 onerosa
841 2719 896 2753 suo.

555 2837 835 2863 mmm

450 3005 690 3125 Nlcoutt
728 3007 949 3082 tttttttsll

593 3194 682 3235 ΔΠΙ
703 3195 808 3237 Rom

195 3329 239 3384 ttt
263 3322 694 3410 METAMORPHOSES
718 3322 877 3379 ovlltll
908 3321 1193 3388 DEDICATIO,

482 3477 582 3523 vnto
613 3475 895 3539 enntunusnt,

300 3618 630 3707 connino
676 3615 1096 3722 unnutuom,

390 3793 559 3835 mum
574 3794 847 3835 monumentum
863 3794 1007 3834 SENATOM.

338 3929 401 3986 Non
413 3928 649 3997 Agamemnoniam
661 3927 787 4014 Strophio
801 3928 836 3983 eie
846 3939 923 3983 natus
935 3927 1066 3989 Oresten,

370 4017 474 4072 Theseo
483 4021 593 4090 eoeperit
606 4020 789 4089 Pirithoueque
800 4038 894 4083 euum3
