2768 4694
159 338 205 425 tt
233 422 239 434 ,
374 326 379 346 '
442 345 481 408 Ρ.
508 344 687 413 ovrnrr
711 346 937 416 nasours

144 478 291 554 'Nudave
310 479 444 582 derepta
459 501 594 583 pateant
608 503 664 559 tua
680 487 802 560 viscera
819 486 923 587 pelle,

207 601 254 670 Ut
270 599 449 698 Phrygium
468 601 561 698 cujus
577 603 708 675 nomina
723 603 844 677 llumen
861 604 972 677 habet.

157 715 301 790 Saxificae
317 717 425 790 videas
442 717 556 792 infelix
573 748 629 792 ora
649 720 813 807 Medusae,

209 832 539 931 Cephenummultos
556 864 628 936 quae
643 835 734 909 dedit
750 864 814 910 nna
831 837 912 911 neci.

159 947 356 1021 Potniadum
375 978 504 1024 morsus
520 952 658 1039 subeas,
675 970 713 1025 ut
733 951 893 1041 Glaucus,
912 980 1095 1053 equarum3
1116 943 1132 966 ⁰

208 1065 313 1164 Inque
330 1066 429 1137 maris
447 1066 559 1153 salias,
579 1065 723 1142 Glaucus
740 1085 779 1140 ut
796 1066 896 1155 alter,
915 1096 1028 1167 aquas.

160 1182 272 1278 thue
288 1179 422 1254 duobus
439 1182 525 1254 idem
543 1182 639 1255 dictis
658 1183 758 1256 modo
775 1212 897 1257 nomen
914 1183 1066 1270 habenti,

207 1297 390 1370 Praesocent
407 1298 520 1369 anima·
538 1297 662 1369 Gnosia
678 1296 773 1369 mella
789 1299 884 1370 viam.
1177 1317 1225 1372 δύο

158 1411 376 1511 Sollicitoque
388 1410 505 1494 bibas,
524 1411 627 1508 Anyti
645 1408 856 1482 doctissimus
873 1412 954 1484 olim
984 1493 992 1508 .

207 1525 454 1625 Imperturbato
470 1523 561 1624 quod
578 1523 668 1597 bibit
684 1550 740 1596 ore
756 1550 843 1596 reus.

160 1648 229 1718 Nec
248 1642 327 1730 tibi,
346 1643 374 1716 si
393 1642 475 1744 qnid
491 1671 600 1731 amas,
619 1640 744 1715 felicius
760 1642 918 1714 Haemone
934 1640 1046 1728 cedat,

210 1759 324 1858 thue
343 1786 403 1831 sua
420 1759 612 1843 Macareus,
632 1755 679 1830 sic
697 1756 826 1856 potiare
843 1772 908 1827 tua.
1170 1845 1175 1868 Ι

127 1901 129 1905 ·
163 1869 225 1944 Vel
241 1870 369 1955 videas,
392 1871 576 1970 quodjam,
595 1897 697 1971 quum
712 1868 848 1942 llammae
865 1886 981 1942 cuncta
999 1886 1162 1958 tenerent,
1177 1891 1229 1944 565

121 2044 123 2049 ⁸
210 1987 395 2067 Hectoreus
412 1986 517 2085 patria
534 1985 616 2058 vidit
633 1986 676 2059 ab
697 2013 768 2060 arce
785 2013 877 2086 puer.

198 2151 253 2205 553.
262 2152 365 2204 Nudave
374 2160 423 2204 ete·
432 2151 559 2223 Marsyas,
567 2151 671 2205 rictusa
720 2153 869 2221 ceterisque
883 2153 939 2207 Diis
950 2154 1057 2207 marinis
1069 2154 1141 2208 Deus
1152 2155 1224 2209 elle-

167 2230 276 2294 Pboebo,
288 2229 352 2299 pelle
365 2240 472 2296 exutus,
483 2248 582 2283 nomen
591 2230 672 2284 fluvio
721 2243 776 2283 ctus
785 2242 837 2294 est,
849 2243 952 2284 auctore
962 2231 1041 2284 Ovid.
1051 2232 1077 2285 in
1085 2233 1152 2285 xlv
1161 2234 1226 2285 Met.

167 2309 249 2377 dedit,
258 2308 290 2362 de
300 2328 352 2378 quo
361 2328 446 2378 supra.
456 2309 673 2377 Dore-Biana
755 2314 811 2380 559.
820 2313 900 2377 thue
907 2313 1002 2362 duobus
1010 2314 1082 2362 rilem.
1091 2311 1163 2363 Alius
1171 2311 1229 2380 qui-

163 2390 238 2455 pelle.
251 2390 375 2454 Dempta,
393 2387 425 2440 de
438 2405 491 2456 quo
502 2388 570 2441 alibi.
581 2386 617 2439 H.
672 2422 675 2433 ·
721 2389 782 2441 dam
792 2385 1226 2458 Glaucus,Cretensie(namplu·

202 2469 257 2533 554.
278 2469 420 2537 Phryffium.
437 2469 543 2537 Phryffr'i
558 2464 674 2535 plerique
721 2486 763 2520 res
771 2466 862 2520 Glauci
871 2465 1012 2536 luerunt),
1022 2467 1055 2519 ob
1062 2465 1190 2520 lasciviam
1199 2467 1229 2521 in

168 2543 256 2614 scripti
268 2555 295 2598 et
308 2542 443 2598 editiones.
722 2545 801 2599 filiam
809 2555 939 2599 venenato
947 2545 1024 2597 melle
1032 2544 1171 2599 exstinctus
1178 2555 1227 2610 ως

202 2626 258 2677 555.
277 2624 393 2693 Saxrfice
402 2626 497 2676 videas.
510 2625 636 2687 Perseus,
649 2621 676 2674 li·
724 2626 783 2679 vide
796 2627 950 2699 Hyginum,
965 2625 1028 2679 Fab.
1042 2624 1095 2677 136.

170 2700 259 2754 berata
279 2701 470 2761 Andromeda,
493 2719 552 2754 cum
573 2700 675 2753 Phineo
757 2705 913 2759 550.N021‘a
927 2707 1008 2757 mella.
1027 2707 1127 2758 Goaria
1141 2704 1226 2776 pleri-

169 2781 296 2844 certavit,
314 2781 355 2832 cui
374 2791 435 2832 ante
452 2779 577 2848 promissa
588 2778 676 2831 luerat
724 2804 774 2855 que
784 2793 892 2836 veteres.
905 2783 1005 2835 Herus,

148 2907 150 2911 ,
171 2856 360 2921 Andromeda,
375 2868 402 2909 et
415 2876 492 2922 eum,
506 2855 552 2924 ipsi
564 2855 648 2923 puella
662 2874 677 2906 a
757 2863 814 2917 551.
826 2864 909 2931 Anyti
916 2862 1076 2914 doctissimus
1089 2865 1155 2915 olim.
1170 2863 1228 2913 Ve-

171 2934 321 3002 parentibus
333 2933 445 3002 pollicita
458 2935 486 2987 in
499 2952 606 2987 uxorem
620 2973 627 2998 ,
648 2933 676 2985 iu
724 2955 792 2998 per-es
814 2941 930 3010 plerique
951 2945 1043 3003 veluti,
1065 2960 1097 2992 an
1113 2941 1231 3011 Melytt?

172 3033 261 3068 sarum
279 3015 378 3079 vertit,
401 3024 491 3082 utpote
509 3013 561 3065 virn
579 3013 676 3066 inferre
724 3034 777 3076 mn
790 3020 862 3073 enim
874 3018 968 3090 Melyti
981 3036 1059 3087 quam
1075 3017 1157 3089 Anyti
1170 3036 1231 3071 reus

103 3124 105 3129 ·
172 3095 323 3158 nitentem,
350 3091 541 3162 Cephenoaque
569 3092 678 3162 populos
724 3095 964 3152 Socratefflnrus.

171 3172 195 3225 ei
209 3182 345 3240 parentes,
360 3183 389 3225 ut
402 3171 513 3226 Ovidius
528 3170 555 3224 in
567 3172 677 3225 Metam.
760 3173 814 3226 563.
824 3173 948 3222 Hemone.
962 3170 1094 3234 Hemon,
1108 3168 1231 3222 Creontis

173 3249 216 3303 lib.
230 3251 263 3302 V·
725 3251 915 3304 Thebanorum
934 3246 1001 3316 regis
1020 3246 1102 3309 lilius,
1124 3246 1232 3313 Antigo-

206 3333 262 3398 557.
277 3331 425 3383 Potniadum
444 3346 549 3381 morsus.
566 3328 679 3382 Glaucus
724 3348 802 3394 nem,
819 3325 910 3396 OEdipi
923 3326 1067 3378 ettocaste
1076 3323 1170 3387 filiam,
1180 3322 1227 3375 sibi

173 3410 293 3462 ePotnia
304 3409 420 3472 civitate,
434 3427 516 3477 quum
525 3409 679 3463 Veneriasa·
725 3407 897 3476 desponsam,
912 3414 968 3457 tarn
984 3402 1123 3472 impotenti
1142 3419 1231 3454 amore

174 3506 217 3540 cra
228 3496 381 3555 sperneret,
396 3485 448 3539 suis
465 3487 606 3555 equabusa
622 3485 680 3538 Dea
726 3485 856 3555 deperiit,
874 3496 903 3537 nt
922 3482 953 3536 ad
971 3493 1081 3536 morture
1100 3479 1232 3533 tumulum

174 3564 250 3616 lutor
261 3563 391 3616 immissus
399 3572 439 3616 est
449 3582 455 3615 :
467 3583 481 3615 a
491 3564 584 3631 quibus
597 3580 679 3631 quum
726 3582 780 3617 sese
794 3560 964 3614 interfecerit.

175 3641 324 3706 veheretur,
333 3640 462 3693 morsibus
470 3651 509 3693 est
519 3639 679 3705 dilaceratus,
761 3640 816 3704 564.
831 3640 912 3705 thue
921 3656 969 3689 sua
980 3638 1120 3688 Macareus.
1135 3632 1234 3703 lusigni

177 3718 470 3789 utVirg.inlllGeorg.
480 3719 680 3788 docet,267sqq.
728 3715 855 3769 dedecore
871 3726 949 3767 notus
963 3723 1001 3765 est
1018 3713 1052 3764 ob
1067 3712 1234 3766 concubitum

210 3802 264 3855 558.
274 3804 348 3868 Inque
355 3805 433 3852 marri
439 3805 531 3852 salsas.
540 3798 653 3853 Glaucus
660 3800 681 3853 ia
730 3794 845 3847 Cametas
860 3793 975 3845 sororis:
991 3790 1102 3842 ‘andem
1116 3790 1234 3859 turpitu-

177 3879 287 3947 pisrator
304 3877 426 3931 ardenter
437 3877 551 3949 Scyllam
567 3879 680 3943 amavit,
729 3872 819 3924 dinem
831 3869 897 3924 lbidi
908 3870 1073 3937 imprecatur.
1083 3866 1236 3922 Bou-Ta

178 3957 221 4022 qni
234 3958 259 4009 in
270 3955 385 4010 Euboica
399 3955 512 4007 Andone
523 3955 604 4008 herba
617 3974 683 4023 qua·
725 3956 829 4018 potiere.
840 3950 883 4002 Sic
890 3955 988 4017 potiare
998 3949 1093 4019 scripti.
1104 3951 1201 4001 Herus.

177 4033 236 4085 ‹lam
250 4046 368 4104 gustata,
386 4032 530 4087 incredibili
542 4032 681 4102 cupiditate
761 4028 816 4082 566.
833 4030 904 4078 Villi!
918 4031 951 4078 ab
963 4031 1022 4081 urbe
1038 4047 1107 4093 puer·
1124 4027 1163 4077 Ab
1177 4038 1236 4073 W

176 4129 202 4162 se
216 4109 241 4161 in
255 4131 327 4166 mare
341 4111 467 4182 projecit,
484 4121 510 4164 et
528 4132 541 4164 a
557 4112 682 4182 Neptuno
728 4107 841 4175 quinque
855 4118 961 4161 veteres.
