2752 5136
153 689 219 759 38'0
414 682 651 754 nourr-m
668 678 961 752 urrerem

198 826 372 900 θααὶσοω
385 825 513 907 ouidii,
531 837 568 893 et
581 822 646 891 slis
658 819 812 916 quedem
824 822 961 890 nomine
975 842 1226 915 suompprew

151 937 294 1022 junctim
308 933 472 1026 vulgerit,
491 932 758 1025 auctoribusque·
766 931 834 998 suis
846 929 1154 1022 manuscriptorum
1163 951 1225 1022 ope

147 1051 444 1134 magnampurtsm
454 1041 604 1107 restituit
615 1037 820 1122 Goldasurr,
832 1034 989 1137 Francos.
1010 1032 1113 1118 1610,
1128 1037 1223 1103 in-8’.

150 1152 191 1219 ln
214 1171 253 1216 eo
269 1147 439 1217 volumine
456 1158 635 1216 occurrunt
662 1173 671 1214 ε
699 1147 943 1238 Epigrammata
957 1137 1162 1214 .scbolutica
1183 1143 1225 1213 de

151 1254 288 1341 Virgilii
300 1255 370 1323 xll
386 1252 482 1322 libris
495 1251 652 1322 AEneidos
669 1249 844 1345 :Epistola
855 1249 1024 1321 Ovidium
1042 1250 1224 1345 Penelopes

153 1363 197 1432 nd
222 1363 371 1446 Ulixem,
400 1364 517 1433 Graece
542 1361 677 1431 reddita
691 1389 711 1429 a
728 1360 851 1431 Cerolo
872 1361 1067 1429 Utenborio
1083 1360 1222 1430 :Ovidii

153 1474 295 1559 junioris
307 1495 440 1539 somnus
456 1469 624 1539 :Cornelii
636 1471 832 1539 Maximiani
843 1469 933 1538 Gelli
946 1489 1075 1536 amores
1087 1472 1155 1536 sire
1170 1493 1225 1537 sex

153 1577 334 1670 elegiarum
356 1576 508 1661 libellus,
534 1576 577 1644 de
600 1576 725 1669 quibus
749 1573 817 1641 diri
840 1577 950 1668 capite
973 1577 1161 1666 superiore.
1186 1578 1225 1643 ln

154 1689 305 1779 exemplo
326 1688 423 1772 hujus
444 1686 616 1769 editionis,
637 1687 731 1781 quod
745 1698 849 1755 exstat
871 1684 1058 1777 Hamburgi
1080 1688 1120 1752 in
1137 1685 1222 1755 Bibl.

153 1799 319 1878 loannes,
341 1798 441 1862 veria
466 1795 625 1864 lectiones
648 1819 668 1863 e
690 1794 918 1887 manuscripto
938 1791 1066 1862 Codice
1093 1792 1225 1879 adjecta

155 1916 233 1973 sunt
245 1928 346 1971 manu
356 1901 452 1974 Frid.
466 1902 705 1996 Lindebrogii,
720 1903 843 1996 quibus
856 1926 924 1971 non
934 1924 1042 1997 peuce
1051 1902 1224 1971 emendan-

152 2021 210 2077 tur
225 2023 260 2079 et
274 2009 474 2103 supplentur
489 2036 498 2078 t
513 2008 610 2078 Ofilii
626 2010 777 2104 Sergisni
795 2009 908 2101 Elegia
925 2008 970 2076 de
985 2008 1102 2103 pulice
1114 2035 1123 2076 ε
1134 2008 1220 2076 Albii

155 2117 270 2187 Ovidii
281 2119 454 2186 luventini
471 2120 576 2213 elegia
588 2119 631 2188 de
644 2116 829 2187 Philomela
846 2144 855 2186 ε
872 2115 958 2184 Iulii
972 2117 1109 2211 Speruti
1122 2115 1220 2207 elegit

155 2224 304 2310 ejusdem
316 2230 504 2319 argumenti
519 2255 529 2298 z
542 2228 711 2321 Pamphili
721 2224 930 2296 Mauriliuni¹
943 2224 1221 2319 Pmpbilmsise

154 2331 198 2401 de
220 2346 290 2402 arte
316 2335 447 2402 amandi
469 2335 594 2427 Elegiae
614 2357 698 2405 exul
718 2334 945 2418 :DeVetuls,
961 2334 1043 2403 libri
1058 2338 1129 2417 111,
1147 2356 1221 2402 cun

154 2443 248 2538 pref.
262 2446 383 2512 Leonis
396 2449 619 2514 protonotarii
636 2475 643 2515 :
658 2444 757 2516 Bedm
768 2446 980 2514 Venerabilis
991 2443 1100 2539 elegiae
1112 2447 1167 2528 11,
1179 2443 1221 2512 de

156 2554 284 2624 Cuculo
295 2581 304 2624 z
315 2556 457 2648 Benigni
467 2555 683 2624 Floriscensis
694 2555 797 2648 elegis
808 2554 852 2623 de
863 2555 993 2624 excidio
1002 2557 1109 2640 Troice
1121 2582 1130 2622 ε
1142 2559 1221 2624 Ber

71 2746 73 2751 .
154 2663 290 2734 nardini
307 2663 437 2734 Cilaenii
452 2657 672 2748 Veronensis,
688 2669 749 2758 qui
764 2663 929 2734 Friderici
953 2668 1008 2736 lll
1028 2670 1110 2759 lmp.
1134 2677 1221 2733 tem-

156 2773 295 2868 poribus
307 2775 406 2856 vixit,
426 2774 583 2858 Amores,
600 2776 638 2842 h,
655 2798 686 2842 e.
704 2774 837 2843 libellus
854 2774 1034 2868 elegiarum
1050 2777 1118 2848 sire
1133 2771 1225 2842 (ids-

156 2903 232 2947 rum
244 2901 333 2962 xxn,
351 2879 395 2949 ad
410 2881 551 2964 lulium,
571 2880 679 2949 editus
694 2895 789 2950 antea
801 2881 862 2949 sub
877 2882 956 2950 falso
972 2884 1110 2950 nomine
1123 2882 1226 2950 Fran·

157 2989 236 3056 cisci
245 2987 377 3055 Octavii
393 2990 554 3057 :Antonii
570 2987 674 3056 Codri
689 2989 791 3057 Urcei
806 2990 1023 3058 Bononiensis
1039 2989 1223 3081 Rhytbmus

157 3092 213 3163 die
229 3095 266 3162 S.
284 3099 421 3165 Martini
436 3098 681 3190 pronuntiatus.
702 3100 857 3192 Denique
872 3097 996 3165 claudit
1009 3100 1096 3167 bunc
1108 3097 1227 3167 collec-

156 3204 282 3269 tionem
296 3204 526 3273 Goldustinsm
543 3203 647 3296 elegia
663 3209 818 3302 Baptistae
839 3210 1014 3275 Mantuani
1037 3208 1225 3278 carmelite

157 3322 271 3378 contra
282 3317 399 3381 Poetss
414 3311 583 3407 impudice
595 3312 781 3406 loquentes.
796 3314 1005 3416 Christianus
1017 3319 1175 3386 Daumius
1187 3317 1222 3380 in

159 3420 307 3513 Epistola
318 3423 485 3492 adloach.
499 3424 693 3492 Fellerum·
712 3452 720 3493 :
738 3453 755 3490 (ι
767 3427 923 3494 Vetula'm
936 3425 1216 3502 Prendo-omui,

156 3529 370 3618 Pamphilum
380 3530 668 3625 etalioopuseulu,
684 3532 861 3602 Goldustus
872 3559 905 3604 sc
915 3538 1061 3628 primum
1071 3555 1222 3600 ermem-

154 3635 267 3702 branis
292 3635 392 3704 edere
417 3651 508 3706 ratus
527 3652 576 3709 est
591 3665 600 3708 z
618 3654 652 3708 st
673 3663 733 3733 ego
758 3641 861 3710 habui
886 3641 1046 3711 editiones
1065 3650 1222 3708 recenter

157 3744 290 3811 inventa
305 3746 527 3838 typographia
539 3758 651 3831 nates,
668 3748 871 3817 membranis
884 3748 950 3818 illis
961 3749 1056 3841 longe
1066 3745 1223 3814 meliores

157 3862 192 3919 ct
203 3849 448 3945 locupletiores.
467 3852 547 3922 ldeo
561 3878 666 3948 quum
677 3857 813 3927 Vossius
827 3871 861 3926 et
871 3859 928 3926 alii
943 3855 1062 3927 exinde
1070 3906 1081 3940 ‚
1097 3880 1174 3949 quse
1187 3859 1223 3922 in

190 4069 301 4139 ιΗιιίιιι
313 4067 468 4125 Memilisni
479 4073 601 4128 meminit
612 4072 803 4130 Guermundus
814 4073 1009 4129 commentario
1019 4073 1049 4130 in
1060 4081 1145 4128 arum
1154 4072 1225 4128 Pris-

153 4152 230 4207 ciani.
245 4152 312 4223 Eius
321 4173 387 4209 veru
399 4151 495 4227 elegia
506 4166 534 4211 et
546 4155 625 4213 libros
639 4158 673 4213 de
685 4160 802 4227 Vetuit,
822 4177 888 4229 quos
906 4157 975 4229 ipsos
993 4157 1100 4230 quoque
1111 4176 1128 4212 a
1140 4157 1224 4211 Man-

153 4235 251 4291 rilinno
260 4237 370 4309 scriptos
383 4237 506 4295 Bertbius
520 4240 691 4313 conjiciebat,
703 4260 765 4299 cum
777 4243 957 4314 manuscripto
967 4242 1081 4299 contulit
1090 4241 1120 4297 in
1130 4240 1223 4297 eodem

111 4318 114 4322 “
153 4319 245 4377 codiee
259 4322 457 4396 lindebropius

183 4423 196 4455 ²
211 4421 344 4478 sarred.
355 4423 452 4482 Felleri
463 4437 637 4483 monumenta
647 4427 718 4484 varia
730 4427 829 4487 {nediu
836 4468 845 4500 ,
857 4428 984 4488 trimatri
994 4429 1053 4500 xl,
1065 4447 1124 4501 pse.
1133 4429 1190 4484 su.
