2768 4694
156 345 221 410 288
476 336 889 408 DEDICATIONES

159 479 268 574 magni
282 478 348 552 oris
356 505 393 551 ac
406 476 557 578 spiritns,
572 496 611 551 ut
622 477 783 576 ejusmodi
795 504 922 551 carmen
934 475 1112 564 funderet,
1127 478 1232 552 bomo

160 592 329 697 pertenuis
345 591 484 688 ingenii,
507 620 565 665 nec
583 594 719 690 ingenui
736 592 889 694 pudoris,
905 612 944 667 ut
957 610 1070 693 aperte
1087 610 1235 669 testatur

161 710 320 787 Horatius
329 709 364 781 in
378 706 518 808 quadam
527 705 569 779 ad
581 706 709 781 lulium
719 704 856 782 Florum
869 710 977 808 Epist.
993 711 1020 796 l,
1033 727 1088 797 111,
1100 737 1153 784 vs.
1170 710 1232 784 15:

320 861 395 933 Quid
407 862 472 917 mibi
487 861 579 917 Celsus
592 861 666 933 agit?
682 861 819 927 monitus,
832 863 999 932 multumque
1011 863 1169 918 monendus

318 949 435 1004 Privatos
447 957 477 1002 ut
488 959 588 1017 quaeat
598 966 660 1018 opes
671 958 699 1002 et
711 956 819 1017 tangere
829 948 894 1002 vitet

316 1027 435 1099 Scripta,
449 1027 585 1082 Palatinus
597 1047 769 1098 quacumque
783 1027 881 1099 recepit
893 1027 988 1098 Apollo
1000 1051 1007 1085 ι

318 1113 358 1166 Ne
370 1112 392 1166 si
403 1110 469 1165 forte
481 1131 540 1165 suas
555 1112 698 1181 repetitum
710 1112 812 1165 venerit
824 1111 887 1164 olim

320 1194 392 1248 Grex
403 1196 490 1247 avium
503 1195 617 1265 plumas,
630 1205 736 1249 moveat
747 1195 879 1249 cornicula
891 1195 974 1249 risum

319 1275 435 1329 Furtivis
447 1275 545 1330 nudata
557 1277 694 1335 colorbus

159 1411 352 1497 Postremo,
370 1437 414 1483 ne
431 1410 585 1511 cuiquam
600 1410 743 1510 amplius
758 1410 877 1485 illudat
888 1412 957 1487 baec
971 1412 1133 1515 AEsopica
1156 1442 1227 1491 cor

160 1529 285 1615 nicula,
300 1555 397 1614 neve,
411 1545 449 1600 ut
462 1528 630 1630 Cumanus
640 1524 761 1601 asellus
770 1525 877 1602 leonis
888 1546 979 1623 gerat
988 1529 1139 1620 exuvias,
1151 1529 1231 1632 plus

161 1642 400 1745 quinquaginta
422 1641 572 1716 locorum
586 1643 831 1743 comparatione
846 1642 891 1715 ita
908 1643 1134 1745 comprobabo
1156 1673 1229 1720 esse

161 1755 274 1831 Ovidii
280 1770 355 1844 ,ut,
369 1754 514 1856 quodait
526 1752 762 1830 malusarbiter
771 1754 983 1847 comicorum,
994 1756 1228 1858 siqniscoutra

161 1873 290 1959 sentiat,
301 1870 385 1943 nihil
400 1872 528 1946 sentiat.
544 1873 657 1945 Unum
669 1872 735 1946 hoc
746 1872 905 1946 duntaxat
922 1890 1081 1974 superest,
1091 1891 1132 1949 ut
1143 1875 1228 1950 Ori·

162 1989 251 2064 diani
262 1988 414 2063 carminis
424 2005 651 2083 argumentum
661 1988 775 2088 paucis
785 1987 932 2089 eloquar.
943 1992 1099 2085 Augusto
1107 1990 1228 2065 cesari

163 2102 244 2177 duas
252 2100 353 2176 luisse
364 2101 687 2201 uxoresaccepimus‚
697 2099 1091 2192 ScriboniametLiviam3
1101 2130 1227 2205 sponso

162 2219 250 2294 enim
265 2219 409 2293 Servilia
419 2275 428 2306 ,
440 2219 576 2291 lsaurici
593 2217 678 2306 filice,
689 2217 877 2292 conditione
890 2219 939 2293 uti
952 2218 1074 2308 noluit,
1089 2239 1123 2295 et
1132 2220 1227 2296 Clan-

164 2332 251 2407 diam
266 2330 388 2405 Fulvia
405 2329 564 2426 virginem
579 2332 801 2432 intactamque
815 2330 949 2407 dimisit.
963 2333 1145 2410 Scribonia
1160 2364 1228 2410 mo·

163 2478 235 2537 res,
254 2476 294 2522 ex
311 2475 377 2548 qua
393 2445 495 2520 liliam
512 2446 656 2547 suscepit
675 2444 820 2533 Juliam,
844 2446 927 2542 legis
949 2447 1046 2523 tutia
1066 2450 1229 2541 dedecus,

163 2565 248 2639 lerre
263 2593 330 2638 non
348 2561 469 2650 valuit,
489 2588 625 2663 eamque
643 2561 708 2635 sibi
730 2587 781 2636 res
802 2591 878 2636 suas
893 2564 1014 2639 habere
1029 2565 1142 2664 jussit.
1170 2568 1228 2642 Li-

164 2684 270 2771 viam,
293 2698 513 2776 cognomento
530 2678 730 2767 Drusillam,
745 2699 861 2781 captus
875 2681 998 2777 insigni
1013 2681 1142 2772 l'orma,
1162 2712 1228 2775 mn·

166 2800 320 2873 trimonio
335 2795 464 2871 Claudii
477 2795 604 2870 Tiberii
619 2796 777 2882 Neronis,
793 2796 846 2870 cui
862 2797 927 2895 jam
939 2796 1044 2871 lilium
1055 2799 1227 2875 Tiberium

165 2930 339 3008 genuerat,
353 2929 384 2984 et
397 2939 436 2984 ex
447 2910 548 2985 altero
563 2911 744 3006 gravidam,
759 2911 893 2986 domum
903 2912 1057 3000 abduxit3
1069 2915 1129 2988 nbi
1141 2914 1228 2988 iutra

164 3054 309 3100 mensem
328 3027 459 3099 tertium
475 3027 565 3101 hunc
584 3027 731 3102 Drusum
746 3027 895 3127 peperit,
913 3031 1004 3127 cujus
1019 3048 1156 3104 mortem
1169 3029 1227 3105 de-

166 3142 223 3217 flet
241 3141 401 3228 Ovidius;
419 3141 498 3216 olim
515 3143 706 3231 Decimum,
726 3173 803 3217 mox
819 3147 981 3218 Neronem
997 3146 1224 3245 praenomine,

170 3284 267 3359 quem
279 3272 369 3328 tanta
379 3256 524 3356 suspicio
532 3256 597 3330 luit
606 3286 644 3331 er
652 3258 769 3332 vitrico
779 3288 839 3361 per
851 3259 1003 3335 adulterii
1016 3265 1229 3339 consuetudi·

162 3401 240 3446 uem
249 3389 468 3472 procreatum,
477 3389 516 3446 ut
529 3399 653 3468 grecus
663 3372 844 3448 senariolos
854 3372 953 3471 vulgo
962 3378 1141 3475 jactaretur
1150 3410 1159 3452 :
1169 3382 1231 3461 τοῖς

165 3487 314 3575 εὐτυχοῦσι
326 3484 378 3557 eal
391 3490 511 3585 τρέμω
528 3489 653 3562 nautia.
668 3491 717 3562 Ex
726 3489 816 3564 Livia
827 3488 911 3565 nihil
923 3495 1094 3588 Augustus
1104 3490 1229 3570 libero·

166 3635 240 3679 rum
266 3603 343 3677 tulit
363 3635 370 3676 :
388 3603 604 3678 nihilominus
621 3605 656 3677 in
673 3603 814 3679 liberum
831 3605 905 3678 loco
922 3636 958 3680 ac
974 3635 1112 3682 numero
1125 3611 1230 3710 priri-

168 3747 252 3813 gnos
261 3719 378 3793 habuit
386 3719 556 3792 Tiberium
567 3736 665 3819 atque
675 3720 820 3794 Dmsum
832 3749 841 3807 ;
854 3749 973 3822 eosque
985 3723 1026 3795 ad
1039 3723 1228 3824 reipublice

168 3861 278 3907 curam
291 3834 452 3917 admovit,
470 3850 503 3904 et
520 3835 617 3930 jussit
629 3835 755 3937 imperii
769 3854 891 3936 partem
906 3867 1081 3940 capessere.
1107 3843 1160 3914 De
1173 3841 1228 3914 'li-

168 3952 261 4025 berio
274 3949 418 4023 nihilhic
428 3974 558 4022 necesse
569 3968 618 4024 est
630 3951 726 4053 plura
739 3951 844 4028 dicere
860 3985 867 4027 :
882 3954 982 4031 frater
992 3956 1062 4052 ejus
1077 3957 1225 4045 Drusus,

171 4064 202 4134 in
215 4064 358 4157 Augusti
368 4062 503 4158 gratiam
515 4085 656 4144 asenatu
666 4064 796 4162 legibus
806 4069 951 4157 solutus,
962 4089 1034 4146 onte
1049 4071 1225 4168 legitimam
