2768 4694
171 332 230 398 128
495 333 534 398 Ρ.
568 332 745 402 OVIDll
780 334 907 400 VITA

327 492 382 548 seu
395 494 509 564 trepidos
520 495 552 549 ad
564 497 623 565 jura
635 501 720 551 decem
731 499 793 552 citat
803 497 875 550 hasta
887 502 1011 557 ociorum,

327 583 362 639 Et
373 583 478 638 firmare
491 586 565 654 jobet
577 589 771 655 ceateaapirdr'ce
782 607 878 642 causas.

165 723 364 799 Eorumdem
389 726 461 824 jura
481 727 590 802 Caesar
604 728 777 823 Augustus
794 729 899 815 auxit,
915 727 1038 829 quippe
1056 731 1132 829 qui.
1150 759 1226 806 nar-

164 856 256 915 rante
273 839 433 914 Suetonio
455 850 486 931 ¹,
503 861 619 917 auctor
633 843 716 932 fuit,
731 844 969 918 centumviralem
982 843 1119 931 hastam,
1135 876 1225 947 poam

67 974 69 978 ’
163 974 314 1058 questura
316 958 425 1058 juncti
434 976 643 1035 consueverant
655 989 776 1063 cogere,
801 962 959 1036 decemviri
971 979 1115 1062 cogerent.

214 1076 264 1151 Cl.
279 1107 355 1152 vero
375 1078 522 1152 Graevius
538 1087 551 1115 ¹
568 1077 752 1166 affirmans,
771 1078 971 1164 decemviros,
993 1107 1060 1152 non
1076 1108 1173 1154 secus
1189 1109 1225 1156 ac

164 1221 277 1267 omnes
288 1191 413 1291 judices
424 1211 456 1266 et
466 1194 704 1278 centumviros,
709 1194 803 1286 forise
807 1193 959 1292 privatos,
977 1192 1035 1266 hoc
1046 1209 1109 1279 est,
1125 1196 1226 1269 nullos

161 1311 371 1410 magistratus,
386 1308 450 1381 siae
462 1309 586 1407 tirrperro
600 1323 630 1380 et
636 1322 806 1407 potestate,
835 1309 1012 1384 revincitur
1027 1307 1077 1383 vel
1094 1338 1134 1384 ex
1151 1310 1224 1386 solo

162 1425 341 1526 Pomponii
356 1423 429 1496 loco
446 1424 511 1522 jam
527 1421 676 1523 prolato,
692 1422 751 1494 ubi
768 1422 888 1497 diserte
909 1445 930 1496 x
948 1424 1072 1499 viratus
1089 1445 1225 1503 vocatur

162 1542 361 1641 magistratus.
383 1542 481 1612 Hunc
500 1566 696 1641 omnemque
708 1538 964 1634 vigintiviraturn
980 1543 1016 1616 in
1029 1563 1159 1619 senatos
1172 1575 1224 1621 ar-

163 1658 265 1732 bitrio
282 1655 344 1729 sub
360 1655 498 1730 Trberio
514 1655 634 1743 fuisse,
656 1656 753 1730 docet
769 1657 936 1732 Tacitus³
939 1715 948 1746 ‚
967 1689 1067 1760 quam
1083 1661 1220 1751 scribit,

162 1805 236 1851 earn
252 1804 270 1848 o
289 1772 440 1873 patribus
462 1769 697 1871 postulavisse,
716 1790 754 1846 ut
772 1775 885 1861 Nero,
914 1775 1097 1849 Germanici
1109 1775 1220 1866 filios,

160 1917 280 1965 munere
300 1885 475 1987 capessendi
487 1885 706 1985 vepretisiratos
720 1888 890 1961 solveretur.
907 1859 1049 1965 Scilicet
1066 1893 1221 1996 princeps

160 2117 289 2226 populo
305 2117 345 2190 ad
362 2132 511 2190 senatum
527 2134 721 2203 removerat,
736 2132 775 2188 ut
787 2132 862 2188 ante
875 2119 1009 2193 Tacitus
1026 2118 1038 2167 ⁴
1054 2125 1216 2209 narravit:

164 2273 182 2305 o
201 2238 287 2308 Tum
302 2230 445 2331 primum
462 2257 479 2301 e
498 2257 613 2328 campo
630 2229 762 2302 comitia
777 2229 818 2301 ad
830 2249 939 2330 patres
951 2235 1107 2310 translata
1120 2256 1216 2328 sunt;

162 2388 180 2418 »
200 2376 274 2422 nam
284 2345 325 2420 ad
336 2372 405 2417 eam
414 2341 499 2414 diem
512 2400 521 2431 ,
538 2344 599 2416 etsi
610 2341 779 2443 potissima
787 2344 926 2418 arbitrio
941 2349 1117 2450 principis,
1129 2381 1218 2454 qoae-

161 2502 179 2533 »
200 2466 275 2539 dem
291 2479 403 2555 omen
419 2457 538 2531 studiis
555 2456 700 2530 tribuum
715 2458 852 2549 fiebant,
871 2479 930 2534 etc.
949 2497 966 2525 »

208 2580 310 2656 Aliud
322 2594 471 2677 superest
483 2574 694 2647 &cetastiatas
707 2576 931 2674 privilegium,
946 2579 1034 2677 quod
1046 2579 1099 2653 hic
1110 2583 1216 2658 fusius

157 2694 375 2775 enarrandum
393 2690 502 2777 venit,
528 2717 630 2788 quum
648 2690 690 2763 ab
708 2691 831 2764 Ovidio
849 2693 890 2764 sit
904 2691 1099 2783 indicatum,
1116 2716 1215 2800 atque

158 2814 200 2887 ad
217 2811 286 2909 ejus
303 2808 462 2880 honorem
480 2820 620 2904 spectet,
640 2832 699 2877 nec
715 2807 794 2880 satis
810 2807 980 2907 hucusque
995 2809 1100 2882 doctis
1117 2813 1216 2886 inter·

156 2928 307 3032 pretibus
321 2922 521 2997 intellectum
535 2921 644 2995 suerit.
664 2925 716 2995 En
734 2923 875 3023 primum
889 2926 960 3026 ipsa
975 2947 1080 3026 poetae
1095 2929 1211 3020 verbe,

155 3045 243 3116 Fast.
264 3038 322 3111 lib.
338 3039 397 3125 lt,
414 3063 496 3109 vers.
516 3032 698 3134 377·382:

319 3214 403 3263 Tertia
415 3208 457 3261 lor
471 3208 615 3275 (memini)
626 3212 697 3262 Indis
709 3218 765 3262 erat
776 3227 782 3261 :
793 3207 893 3261 etmihi
906 3212 1012 3277 quidam

347 3301 482 3372 Spectanti
494 3299 595 3364 senior,
609 3300 796 3369 contiguusque
808 3298 881 3366 loco,

315 3387 395 3454 Haec,
408 3385 460 3451 ait,
473 3385 516 3439 itta
527 3385 596 3451 dies,
610 3384 710 3457 libycis
721 3402 773 3452 qua
785 3383 872 3439 Cesar
883 3386 910 3437 in
923 3389 973 3441 oris

348 3474 454 3529 Perfida
466 3474 626 3543 magnanimi
638 3472 758 3528 contudit
770 3493 842 3527 arma
853 3477 932 3527 Jutae.

315 3565 376 3620 Dux
387 3564 452 3618 mihi
466 3566 630 3626 cararent,
642 3564 691 3618 sub
703 3583 755 3632 quo
769 3566 893 3620 meruisse
913 3570 1025 3619 trr'baaas
1092 3562 1100 3574 ¹

344 3655 452 3709 Glorior
463 3675 470 3708 ε
483 3654 571 3709 cilicio
583 3654 684 3725 prefuit
695 3653 738 3709 ille
749 3674 817 3709 meo.

183 3831 192 3860 ¹
210 3826 243 3880 ln
258 3823 324 3892 Aug.
336 3840 390 3891 cop.
404 3822 443 3874 36.

182 3914 195 3944 ²
210 3909 289 3966 Praet.
303 3919 365 3962 tom.
375 3905 417 3970 ll,
431 3904 508 3958 Thes.
525 3904 614 3974 Antiq.
626 3904 704 3959 Rom.

183 3992 194 4026 ⁸
210 3992 305 4047 Annei.
319 3991 361 4044 lib.
374 3990 428 4054 ΙΙΙ,
440 4008 495 4058 cap.
508 4007 546 4059 ao

183 4074 194 4109 ⁴
213 4073 306 4126 Annal.
319 4072 362 4126 lib.
377 4071 404 4137 l,
419 4073 524 4139 capent.
630 4124 633 4131 ,
