2768 4694
158 311 219 394 104
477 311 516 374 r.
551 307 727 376 ov1n11
759 305 895 371 vira

156 485 173 514 »
196 466 368 551 praetexta,
394 465 502 542 togam
521 475 637 547 puram
661 445 819 530 indutus,
841 439 932 542 qnod
954 437 1057 514 virilis
1074 438 1219 514 tirocinii

159 599 174 629 »
195 581 423 659 argumentum
440 580 498 636 est.
516 596 534 626 »

202 679 250 750 At
268 675 544 751 eminentissimus
560 673 735 758 Norisius,
763 688 795 743 et
815 669 885 766 ejus
908 665 1048 762 vestigia
1068 693 1219 766 premens

155 792 385 868 celeberrimus
399 791 612 877 Gravius,ut
622 787 788 882 vulgarem
796 781 950 859 Suetonii
962 781 1138 857 lectionem
1150 808 1219 854 ven

155 906 283 995 dicent,
302 907 427 978 nodum
456 922 584 990 secant,
604 901 726 975 erroris
748 901 986 972 Damascenum
1013 895 1218 980 incusantes,

157 1024 250 1124 quasi
267 1022 364 1097 etiam
380 1051 496 1124 parum
515 1021 581 1096 sibi
597 1035 772 1092 constaret.
790 1017 873 1114 Ejus
892 1031 999 1089 tamen
1014 1014 1066 1086 uti
1084 1031 1119 1086 et
1135 1013 1220 1085 Suc-

158 1137 241 1208 tonii
264 1135 344 1210 fides
368 1136 493 1232 integra
518 1134 617 1207 nobis
643 1132 791 1218 videtur,
812 1129 891 1202 dum
907 1127 976 1201 baec
993 1126 1218 1200 observamus.

162 1264 206 1324 1⁰.
226 1253 341 1348 Quum
353 1249 437 1324 illud
453 1247 581 1323 Nicolai
597 1257 661 1347 περὶ
678 1262 725 1330 ἔτη
743 1248 1018 1346 τεσσαρεσκαίδαα,
1035 1242 1154 1316 citct'ter
1165 1269 1221 1316 oo·

158 1399 213 1443 nos
244 1367 488 1468 quatuordecim,
522 1367 647 1466 optime
679 1366 788 1466 possit
823 1364 864 1438 dc
898 1363 940 1436 15
972 1360 1103 1435 labente
1137 1389 1219 1434 anno

157 1483 318 1578 intelligi;
344 1483 422 1556 hinc
440 1483 537 1556 ctiam
553 1481 638 1554 bene
659 1481 828 1553 conveniet
847 1478 937 1580 quod
955 1477 1041 1553 idem
1058 1476 1170 1564 addit,
1188 1502 1224 1549 ac

159 1599 351 1701 praelaudati
367 1599 428 1671 viri
445 1596 615 1696 objiciunt
635 1595 766 1670 Scilicet
788 1596 904 1670 scribit
920 1595 995 1684 ille,
1015 1614 1126 1692 togam
1141 1595 1224 1668 viri·

159 1718 224 1792 lem
238 1718 279 1792 ab
293 1719 448 1813 Augusto
461 1733 601 1789 sumtam
613 1744 650 1789 ca
661 1715 733 1803 dic,
748 1743 812 1816 qua
826 1714 974 1815 pontifex
986 1731 1113 1788 creatus
1124 1713 1224 1788 luerit

159 1836 195 1906 in
211 1839 249 1908 L.
267 1832 408 1906 Domitii
428 1832 492 1930 jam
508 1831 654 1905 defuncti
669 1830 790 1905 locum.
809 1832 915 1933 Atqui
941 1834 981 1906 L.
1000 1831 1170 1906 Domitius
1188 1831 1223 1905 in

163 1951 232 2024 acie
248 1949 456 2035 Pharsalica,
474 1975 561 2021 anno
579 1951 621 2020 U.
639 1949 813 2034 C.Dccv1,
832 1945 942 2021 adulta
956 1965 1084 2033 astate,
1102 1947 1222 2049 periit;

163 2092 231 2164 quo
247 2083 395 2164 tempore
411 2065 584 2156 Augustus
598 2091 719 2135 annum
733 2062 851 2158 agebat
870 2060 930 2147 15,
948 2090 1053 2161 quum
1068 2079 1156 2137 esset
1171 2061 1223 2135 die

162 2181 209 2254 23
224 2180 426 2280 Septembris
437 2180 579 2254 initurus
594 2178 635 2250 16
645 2207 777 2251 annum.
796 2179 903 2272 lgitur
914 2178 1024 2278 potuit
1036 2195 1112 2252 ante
1125 2179 1225 2278 hujus

163 2297 240 2371 anni
263 2295 305 2367 16
321 2297 521 2396 principium
539 2315 647 2390 togam
665 2295 799 2368 inducre
816 2282 942 2395 puram.
974 2306 1021 2365 2⁰.
1050 2293 1226 2393 Quadrien-

162 2413 245 2485 m'mn
264 2411 364 2498 illud,
383 2429 460 2513 post
472 2413 723 2485 latomorum
738 2413 896 2484 Suetonio
910 2428 1134 2499 numeratum,
1154 2439 1227 2484 om-

162 2530 244 2602 nino
271 2528 400 2602 ridetur
427 2528 468 2600 ad
498 2547 626 2628 tempus
650 2545 818 2627 spectare,
851 2557 917 2627 quo
941 2527 1028 2599 donis
1047 2527 1227 2602 militaribus

162 2644 336 2739 Augustus
354 2642 419 2715 fuit
434 2643 573 2715 donatas.
592 2639 710 2714 Noluit
724 2670 841 2742 nempe
852 2639 1040 2734 Suetonius
1057 2638 1225 2728 indicare,

164 2787 231 2860 quo
250 2759 354 2832 aetatis
374 2787 460 2832 anno
486 2754 540 2829 illc
563 2756 648 2828 banc
671 2756 788 2832 sumsit
810 2776 938 2853 togam,
958 2757 1015 2831 sed
1032 2785 1098 2857 quo
1115 2755 1227 2830 Julius

165 2904 240 2948 eum
257 2875 355 2948 donis
374 2872 573 2948 militaribus
587 2876 733 2962 omavit;
751 2877 860 2975 sicque
878 2874 1160 2975 interpungendus
1176 2891 1227 2948 est

165 2990 234 3089 ejus
257 3009 365 3064 textus
392 3021 400 3062 :
426 2989 640 3091 Quadriennio
657 3007 745 3090 post,
766 2990 934 3094 vaieb'togn
949 3002 1065 3073 smnta,
1087 2988 1227 3062 rmt'tari-

162 3108 220 3181 bns
242 3125 302 3180 etc.
333 3107 461 3180 Passim
485 3104 665 3182 historicus
681 3106 736 3179 ille
760 3106 869 3180 eadem
889 3104 1000 3204 phrasi
1018 3104 1112 3204 plura
1129 3104 1227 3180 simul

163 3222 289 3321 jungit,
308 3251 380 3322 qnae
396 3221 477 3296 varii
500 3237 579 3294 sunt
602 3221 769 3322 temporis.
802 3221 904 3318 Quod
931 3223 958 3293 si
986 3222 1122 3295 cruditis
1149 3222 1227 3297 viris

165 3336 423 3411 animadversum
435 3336 572 3424 suisset,
584 3336 665 3411 alias
677 3336 770 3411 facilc
783 3336 996 3412 removissent
1007 3334 1228 3428 difficultates,

166 3454 289 3556 quibus
306 3455 511 3541 cruciantnr3
537 3472 576 3527 ut
593 3452 721 3554 aliquot
737 3452 893 3553 exemplis
909 3452 1227 3543 demonstraremus,

136 3575 138 3578 ’
165 3573 193 3645 si
211 3570 303 3644 loeus
320 3571 354 3644 id
372 3569 585 3672 permitteret.
897 3568 901 3578 ’

214 3684 339 3758 Idcirco
364 3712 424 3784 per
446 3682 642 3757 Suetonium
655 3681 737 3757 nibil
752 3682 878 3772 obstat,
897 3683 1075 3783 quominus
1093 3711 1168 3757 cum
1185 3682 1224 3756 cl.

165 3797 262 3888 viris,
285 3795 418 3869 Valesio
435 3826 471 3870 ac
486 3795 662 3876 Dodwello
680 3824 885 3885 censeamus,
909 3816 1018 3892 togam
1042 3797 1168 3872 virilem
1184 3795 1226 3870 ab

165 3918 319 4011 Augusto
341 3933 504 4001 sumtam,
529 3944 631 4015 quum
654 3916 696 4006 14
713 3915 817 3989 aetatis
836 3944 941 3988 annus
953 3916 1020 4015 jam
1036 3935 1122 3989 essct
1138 3941 1226 3988 com-

165 4030 291 4129 pletus,
309 4063 345 4108 ac
366 4032 408 4105 15
426 4030 599 4106 laberetur.
618 4033 669 4107 Ea
683 4049 768 4106 certe
787 4049 878 4107 atate
895 4033 1035 4136 ipsemet
1051 4028 1226 4133 nepotibus
