2768 4694
513 155 859 224 FRAGMENTA.
887 208 891 216 .
1174 185 1212 255 7¹

156 301 252 378 uxori
265 300 390 388 virum,
402 314 441 374 et
451 296 523 371 vtro
534 324 677 372 uxorem
683 296 822 392 diligere
830 297 1006 372 concedas.
1019 300 1158 375 Necessc‘
1167 319 1220 377 est

155 423 297 512 deinde,
315 424 424 523 jurare
436 420 630 522 permittas,
649 419 678 495 si
694 448 801 494 amare
816 421 1013 523 permiseris.
1042 423 1144 519 Quod
1157 425 1219 500 ba·

154 548 268 623 buisse
281 575 340 621 nos
349 543 581 646 jusjurandum
595 545 721 644 putas?
737 561 775 617 tu
784 544 886 618 nobis
896 543 1088 641 religiosum
1098 574 1220 623 nomen

155 671 257 746 suisti.
277 671 313 744 Si
339 669 573 757 mentiremur,
601 666 657 743 illa
675 667 742 742 sibi
757 667 876 742 iratum
891 684 1018 768 patrem
1034 669 1218 761 invocavit,

157 821 217 888 ego
228 820 387 867 socerum.
401 792 521 878 Parce,
530 807 643 891 peter3
660 817 774 890 parce,
785 816 898 863 socer:
912 817 983 863 non
995 790 1220 891 pejeravimus.

156 917 241 991 Eece
272 915 472 1013 objurgator
492 929 622 1000 noster,
646 940 745 1014 quarn
770 911 937 986 effiaenato
959 941 1068 987 amore
1092 914 1221 990 fertur!

126 1112 133 1120 ,
156 1064 349 1138 quanquam
365 1062 436 1110 esse
447 1034 548 1109 filiam
558 1034 713 1136 preceris;
731 1062 842 1109 carum
856 1033 1003 1138 quidem,
1022 1036 1112 1137 quod
1126 1035 1223 1111 illum

157 1160 201 1232 ab
219 1157 428 1253 indulgentia
445 1184 503 1232 sua
517 1174 636 1231 avocet.
664 1158 710 1230 Di
725 1157 829 1230 boni!
847 1158 1017 1257 quomodo
1032 1159 1087 1232 bic
1103 1161 1225 1234 amavit

157 1282 321 1355 uxorem?
336 1297 422 1353 aurat
437 1278 552 1370 liliam,
570 1298 603 1355 et
620 1279 752 1353 abdicat
768 1311 776 1354 ε
795 1278 887 1353 dolet
900 1279 1115 1382 periclitatam
1129 1310 1222 1371 esse,

157 1394 191 1479 et
205 1402 247 1479 ab
260 1431 300 1477 eo
315 1400 467 1491 abducit,
480 1400 552 1476 sine
567 1403 636 1503 quo
652 1420 751 1499 negat
768 1400 801 1477 se
814 1392 1032 1504 posse'vi'rere
1047 1435 1055 1477 ε
1071 1403 1223 1507 queritur

156 1524 340 1628 perieulum
355 1524 444 1627 ejus,
463 1508 529 1627 ’φη
545 1553 640 1627 paene
657 1525 761 1599 carnit
777 1524 848 1614 bic,
867 1526 926 1626 qni
942 1554 1048 1600 amare
1061 1545 1155 1602 caute
1168 1528 1223 1627 ju-

154 1650 222 1724 bet
236 1636 380 1723 Facilius
389 1648 425 1721 in
436 1644 548 1723 amore
561 1644 661 1722 finem
672 1648 848 1751 impetres,
855 1677 954 1750 qnam
968 1649 1104 1725 modurn
1119 1678 1127 1723 ε
1145 1668 1223 1726 tune

155 1772 220 1847 bos
230 1773 329 1874 ponis
346 1771 522 1861 terminos,
534 1790 575 1847 nt
586 1771 672 1845 nihil
685 1772 822 1860 saciant,
833 1772 900 1847 nisi
911 1773 1127 1864 considerate3
1137 1774 1224 1849 nibil

157 1895 373 1996 promittant,
391 1893 457 1967 nisi
475 1895 578 1993 utjus
591 1895 726 1981 facturi3
743 1896 851 1969 omnia
862 1896 961 1970 verba
974 1896 1099 1970 ratione
1113 1915 1146 1972 et
1157 1898 1222 1974 fide

157 2017 362 2118 ponderent?
378 2014 480 2091 Senes
494 2017 541 2090 sie
553 2035 673 2091 amant.
688 2017 797 2091 Pauca
809 2019 916 2108 nosti,
933 2036 1041 2120 pater,
1060 2021 1219 2096 crimina:

158 2159 190 2214 et
204 2141 407 2237 litigavimus
421 2128 628 2242 aliquando,
646 2160 680 2217 et
696 2142 876 2216 decidimus
889 2174 897 2230 ;
910 2162 943 2218 et
955 2144 1112 2233 fortasse,
1128 2146 1220 2245 quod

157 2292 224 2335 non
242 2282 338 2364 putas
354 2321 363 2352 ,
388 2264 613 2365 pejeravimus.
639 2265 733 2363 Quid
751 2265 792 2338 ad
807 2285 917 2366 patres
933 2269 1101 2368 pertinet,
1129 2268 1221 2368 quod

158 2404 301 2460 amantes
316 2389 449 2486 jurent?
462 2390 492 2462 si
509 2388 559 2460 vis
572 2388 717 2478 credere,
734 2419 794 2481 nec
806 2391 849 2461 ad
868 2391 957 2462 Deos
975 2391 1127 2492 pertinet.
1143 2392 1219 2465 Non

159 2527 209 2584 est
235 2508 325 2611 quod
348 2510 412 2584 tibi
433 2508 578 2612 placeas,
595 2541 694 2600 uxor,
716 2530 872 2613 tanquam
887 2512 992 2613 prima
1010 2511 1219 2612 peccaveris:

159 2628 261 2739 periit
276 2631 386 2732 aliqua
401 2661 471 2708 cnm
486 2634 573 2723 viro,
590 2634 689 2738 periit
707 2631 816 2736 aliqua
835 2663 898 2736 pro
914 2634 1005 2722 viro;
1022 2631 1095 2709 illas
1104 2651 1219 2741 ⁸tamen

159 2752 268 2828 omnis
293 2770 370 2830 aetas
392 2753 586 2846 honorabit,
607 2785 704 2831 omne
723 2756 903 2832 celebrabit
929 2755 1107 2855 ingenium.
1133 2760 1215 2847 Fer,

160 2905 265 2967 socer,
280 2876 468 2953 felicitatem
485 2897 597 2955 tuam:
615 2908 770 2976 magnum
786 2879 847 2953 tibi
864 2909 961 2981 quam
974 2908 1075 2980 parvo
1089 2898 1219 2955 constat

160 3000 356 3103 exemplum!
378 3002 414 3075 in
435 3001 600 3103 reliquum
625 3001 850 3098 diligentiores
866 3003 943 3078 laeti
960 3031 1074 3076 sumus
1091 3033 1100 3077 ε
1119 3031 1216 3076 erro-

160 3152 224 3199 rem
239 3145 392 3201 nostrum
408 3116 623 3201 confitemur:
640 3127 804 3202 exciderat
824 3127 1035 3225 jurantibus,
1060 3153 1131 3202 esse
1150 3145 1216 3202 ter-

160 3247 237 3323 tium
256 3252 313 3351 qui
330 3250 435 3345 magis
450 3268 575 3325 amaret
590 3279 599 3324 :
617 3249 683 3338 sic,
708 3251 773 3338 Di,
797 3250 842 3323 sit
858 3278 994 3350 semper.
1021 3252 1215 3337 Persevera,

158 3399 266 3460 socer;
282 3375 393 3474 recipe
407 3373 508 3449 liliam
524 3402 627 3469 :ego,
645 3374 703 3474 qui
717 3375 866 3474 peccavi,
883 3402 980 3474 poena
997 3373 1116 3469 dignus
1133 3402 1215 3448 sum.

160 3494 287 3590 Quare,
300 3524 405 3569 uxore
413 3515 545 3584 necata,
555 3525 669 3571 socero
678 3525 773 3571 causa
787 3498 847 3571 sim
862 3496 1218 3571 orbitatis?Diseedam

160 3614 336 3703 ecivitate3
350 3617 491 3713 fugiam
507 3618 680 3693 exsulabo:
692 3636 860 3720 utcunque
873 3637 1007 3720 potero,
1022 3617 1219 3693 desiderium

161 3738 279 3813 misera
292 3754 326 3810 et
339 3740 456 3816 crudeli
470 3743 628 3844 patientia
638 3743 806 3844 perferam.
821 3743 987 3833 Morerer,
1001 3741 1030 3816 si
1045 3737 1138 3815 solus
1151 3764 1220 3809 mo-

161 3863 286 3939 riturus
304 3890 448 3938 essem.»
