2768 4694
485 334 582 401 nnn
606 331 892 428 nspmsson.
1159 361 1226 435 207

153 515 174 551 ι
197 477 387 584 Apollinis,
412 474 619 550 Zerintbium
644 501 743 575 quem
769 492 888 548 vocant
912 473 1051 563 incolae,
1068 478 1228 580 ternplum

155 633 175 664 »
199 611 368 701 superant.
386 591 471 668 rtliae
485 591 647 689 angustio
664 591 749 666 circa
768 593 935 696 Tempyra
952 594 1123 695 excipiunt
1140 596 1227 694 (boc

158 750 179 784 »ι
199 714 276 790 loco
292 741 412 788 nomen
428 714 522 804 est),
540 738 610 784 non
627 709 737 783 minus
750 710 962 806 confragoso.
980 744 998 776 »
1015 710 1104 786 Hinc
1121 732 1229 788 autem

157 834 280 906 Noster
295 828 405 907 exsilii
421 827 533 903 locum
548 827 662 902 itinere
675 826 824 927 pedestri
839 845 957 928 petens
973 827 1230 930 debuitgelrdcm

159 947 319 1035 Thracen,
341 963 373 1021 et
391 961 529 1047 opertum
555 943 685 1018 nubibus
705 943 842 1017 Hoemon
865 945 1022 1034 transire,
1042 973 1079 1019 er
1097 947 1230 1035 Ponto,

159 1064 214 1138 lib.
231 1067 293 1152 IV,
310 1064 420 1166 Epist.
440 1083 483 1150 V,
501 1088 584 1136 vers.
605 1059 638 1131 5.

205 1181 356 1256 lllavero
363 1180 458 1254 navis
467 1177 619 1262 secunda,
630 1205 696 1276 qua
705 1179 796 1250 Naso
807 1206 826 1251 a
837 1196 938 1279 portu
952 1177 1108 1253 Cenchreo
1119 1199 1232 1255 vectus

162 1315 234 1373 erat
247 1297 289 1370 ad
305 1295 452 1372 insulam
465 1322 569 1395 usque
585 1292 848 1380 Samothraciam,
869 1294 947 1369 hinc
964 1296 1084 1370 iterum
1102 1295 1233 1372 solvens

165 1414 278 1516 pergit
293 1440 355 1514 per
370 1408 621 1512 Hellespontum
639 1410 673 1482 in
686 1409 855 1484 Euxinum
871 1439 959 1484 mare
976 1411 1019 1482 ad
1032 1409 1138 1484 exsilii
1152 1412 1236 1487 Ovi-

169 1530 257 1605 diani
278 1529 397 1603 locum.
413 1529 495 1629 Ejus
510 1555 644 1601 cursum
659 1528 784 1601 Noster
795 1527 920 1602 ibidem
932 1527 1067 1601 exhibet
1079 1528 1180 1603 Trist.
1197 1532 1233 1616 I,

169 1668 205 1734 x,
224 1673 341 1720 avers.
356 1643 489 1736 24-42,
507 1642 633 1744 quibus
649 1643 737 1716 varia
754 1644 913 1718 describit
926 1643 999 1718 loca
1009 1644 1166 1720 litoribus
1177 1647 1233 1720 ad-

167 1763 289 1864 posita,
305 1789 379 1862 quer
391 1760 485 1836 navis
498 1777 568 1835 erat
584 1787 646 1833 sno
660 1760 698 1832 in
714 1788 813 1834 cursu
824 1778 1085 1861 pmtervectura.
1103 1763 1234 1839 Priores

169 1895 294 1953 tantum
310 1878 366 1952 hic
383 1877 646 1963 transcribendi,
664 1877 756 1977 quod
772 1875 990 1951 elucidatione
1004 1899 1143 1973 egeant:

364 2026 589 2104 Hellespontiacas
602 2033 645 2087 illa
656 2037 776 2102 renerum
788 2053 873 2104 aquas.

332 2125 548 2196 Dardaniamque
556 2132 623 2195 peti!
631 2125 744 2180 auctoris
755 2145 854 2180 nomen
868 2127 1025 2194 habentem,
1039 2138 1087 2183 etc.

172 2280 272 2353 neque
284 2252 505 2354 pretereundi
519 2271 597 2325 sunt
612 2253 771 2354 postremi
786 2253 931 2350 ejusdem
942 2254 1121 2351 Elegiaevs.
1136 2284 1154 2327 a
1168 2257 1234 2348 45:

332 2413 390 2463 Vos
402 2428 526 2478 quoque,
541 2411 705 2480 Tyndaride,
722 2430 789 2481 quos
803 2410 858 2462 haec
869 2408 930 2464 colit
941 2411 1025 2465 insula
1037 2452 1045 2478 ,
1052 2411 1161 2477 fratrer,

368 2501 453 2566 Mite,
467 2517 576 2568 precor,
589 2503 696 2567 duplici,
709 2521 827 2563 numen,
842 2498 930 2553 adeste
943 2508 998 2553 orte.

338 2591 430 2646 Altera
440 2608 557 2657 namque
569 2599 643 2658 purat
653 2593 831 2663 Synpdqadas
842 2591 881 2644 ire
895 2611 942 2660 per
954 2603 1036 2646 arctas
1049 2614 1056 2654 ;

370 2681 498 2736 Scindere
512 2684 646 2735 Br‘stonr'as
656 2683 737 2738 ultera
747 2685 840 2756 puppis
851 2703 941 2752 aquas.

345 2774 400 2826 Vos
411 2773 488 2826 facite
499 2813 506 2838 ,
517 2783 548 2825 ut
561 2782 669 2836 ventor,
682 2771 738 2828 loeo
747 2795 830 2845 quum
844 2775 945 2828 diversa
957 2784 1090 2843 petamus,

377 2865 423 2919 ltta
433 2883 494 2918 suos
504 2864 615 2930 babeat,
627 2883 676 2918 nee
687 2865 827 2922 minnista
840 2887 908 2922 euos.

176 3012 212 3059 ex
232 2982 358 3086 quibus
380 2992 426 3053 1⁰.
446 2980 704 3070 confirmantur,
729 3010 800 3082 quae
814 2985 1074 3062 mododiximus
1097 2984 1137 3056 de
1153 2988 1240 3060 tertiu

207 3182 274 3238 ι(31.
298 3179 380 3236 Nicol.
402 3180 530 3235 Heinsius
545 3191 639 3246 notat,
664 3199 719 3234 uuo
740 3179 796 3234 cod.
815 3180 906 3237 baberi
926 3187 1025 3252 releffl't,
1048 3204 1126 3252 seque
1147 3197 1238 3254 putare

175 3278 278 3340 peregit,
292 3280 339 3323 aut
349 3267 413 3339 quid
424 3267 507 3320 simile
520 3265 678 3336 legendum
694 3286 708 3310 «
721 3283 800 3332 nent,
812 3265 900 3334 addit,
915 3267 1050 3336 quomodo
1061 3273 1159 3338 reliquid
1169 3271 1241 3324 ttet-

179 3375 191 3400 ¹·
202 3353 348 3425 trepontum
359 3392 367 3419 ,
381 3370 440 3422 que
452 3349 620 3405 Dardanium
634 3361 662 3404 et
672 3350 845 3418 Lampsacum
855 3363 883 3405 et
898 3351 1056 3422 Abydumin
1064 3353 1123 3421 ipsis
1132 3355 1241 3408 Helles-

179 3456 192 3482 ·
204 3440 277 3507 ponti
288 3437 406 3492 trucibus
416 3436 464 3490 sita
476 3434 579 3488 aditura
588 3433 640 3488 sit?
652 3457 665 3481 υ
679 3433 783 3487 Verum
793 3434 878 3504 regeri
890 3445 990 3504 potest,
1004 3447 1107 3507 poetam
1115 3437 1165 3490 hoc
1173 3438 1240 3504 loco,

180 3521 230 3574 sive
241 3521 343 3575 licentia
354 3521 469 3590 poetice,
481 3520 535 3574 sive
550 3539 581 3572 er
599 3538 648 3573 usu
665 3518 781 3588 vulgari,
803 3518 906 3590 largiori
926 3540 1003 3574 sensu
1023 3511 1243 3589 Hellespontidcas

180 3623 358 3673 aqnasvoeare
371 3624 431 3659 eam
448 3605 528 3658 maris
546 3604 630 3674 AEgaei
649 3615 769 3674 partem,
783 3622 841 3674 quie
858 3606 926 3659 circa
947 3607 1144 3659 Samothracum
1163 3614 1241 3669 erat,

180 3687 260 3757 idque
270 3688 420 3742 confirmari
430 3708 461 3742 ex
473 3709 539 3743 vers.
554 3693 635 3744 15-20
647 3689 767 3760 superius
786 3688 897 3758 prolatio.
909 3688 1015 3742 Deinde
1032 3690 1168 3744 observare
1181 3695 1220 3738 est
1234 3726 1242 3753 ,

179 3773 362 3842 quodcumque
374 3774 483 3827 verbum
492 3775 536 3828 bie
548 3773 668 3843 legatur,
680 3774 706 3827 id
719 3793 773 3827 non
787 3773 815 3826 in
831 3774 981 3843 praeterito,
991 3774 1037 3828 sed
1049 3773 1089 3824 vei
1102 3771 1241 3840 prasenti,

180 3856 220 3910 vel
233 3857 327 3910 tuturo
339 3867 454 3925 tempore
464 3858 648 3928 reponendum
657 3857 859 3927 essemiquidern
869 3859 942 3912 navis
951 3870 1009 3912 turn
1019 3859 1046 3909 in
1055 3852 1243 3909 Samothracia

182 3953 259 4009 portu
272 3938 423 3993 adhucdum
433 3951 501 4008 erat,
520 3961 603 4010 quum
620 3942 716 3996 Noster
733 3941 789 3996 bec
806 3942 951 4009 mriberet,
969 3954 999 3995 ut
1015 3940 1110 3992 invicte
1130 3937 1244 4006 probant

182 4043 245 4079 vers.
255 4026 344 4092 tuto.
354 4023 463 4076 Mallem
473 4024 551 4094 igitur
559 4028 682 4093 relinquit,
693 4045 772 4094 quarn
782 4030 881 4094 relqr't,
896 4027 936 4079 vel
945 4027 1024 4079 etiam
1033 4027 1165 4088 relinquet,
1178 4022 1244 4075 sieut

184 4124 208 4166 et
218 4133 283 4167 vers.
295 4130 350 4180 seq.
359 4119 435 4178 petet.
