2768 4694
172 337 235 423 146
496 337 535 403 r,
562 335 739 404 ov1n11
762 337 896 404 vrrs

165 477 242 552 licet
259 507 277 552 a
292 475 489 577 pratoribus
506 504 544 550 cr
561 477 702 554 decuriis
713 495 832 578 praeter
845 477 1068 553 centumviros
1081 478 1229 577 legebar

165 609 237 677 tur,
255 606 287 664 et
303 589 359 665 alii
370 591 419 664 'ad
442 590 644 691 privatorum
668 589 742 665 lites
765 591 1011 689 dijudicandas,
1038 593 1098 694 qui
1119 596 1232 693 pn'eott'

165 731 298 808 quoque
312 704 439 804 judices
453 705 674 793 vocabantur,
697 707 821 807 quique
837 706 1004 804 sigillatim
1021 709 1063 782 ad
1081 712 1229 810 quamvis

163 850 312 909 causam,
330 821 550 897 centumviros
574 850 643 896 non
664 840 886 924 spectantem,
904 824 1079 899 dabantur.
1104 824 1229 900 Audia-

161 968 236 1015 mus
253 939 336 1015 hanc
349 940 385 1014 in
400 969 469 1015 rem
484 939 562 1013 Aul.
581 939 726 1015 Gellium
742 949 773 1027 ¹,
792 941 898 1042 quiid
913 969 1015 1037 genus
1030 941 1132 1041 judex
1144 943 1226 1018 fuit:

164 1090 183 1122 α
202 1057 282 1154 Quo
308 1056 451 1158 primum
476 1073 622 1160 tempore
647 1085 667 1130 a
690 1057 888 1158 praetoribus
914 1055 1019 1130 lectus
1045 1057 1081 1130 iu
1101 1057 1227 1155 judices

165 1205 183 1237 s
203 1200 296 1259 sum,
322 1190 360 1245 ut
377 1188 543 1259 mulcta,
563 1200 636 1273 quae
654 1168 864 1273 appellantur
880 1188 1055 1261 PRIVATA,
1078 1170 1226 1276 suscipe·

163 1320 181 1352 s
200 1317 289 1375 rem,
308 1286 413 1360 libros
431 1287 604 1387 utriusque
621 1286 741 1384 linguae
759 1286 799 1361 de
817 1285 926 1361 officio
939 1286 1060 1385 judicis
1084 1292 1226 1393 scriptos

164 1435 182 1467 s
201 1399 404 1500 conquisivi;
421 1415 460 1473 nt
476 1399 576 1474 homo
593 1399 781 1476 adolescens
799 1431 817 1476 a
834 1420 1005 1504 poetarum
1018 1401 1144 1480 fabulis
1162 1425 1227 1482 eta

164 1554 182 1584 a
202 1520 373 1592 rhetorum
391 1515 534 1618 epilogis
549 1516 591 1591 ad
606 1518 795 1617 judicandas
813 1518 887 1595 lites
903 1539 1063 1609 vocatus,
1080 1548 1152 1599 tum
1171 1525 1226 1622 ju-

162 1668 180 1701 »
198 1631 381 1722 diciariam,
453 1661 492 1708 er
505 1632 626 1722 mutis,
640 1634 733 1734 qnod
750 1633 859 1722 aiunt,
872 1634 1037 1730 magistris
1047 1660 1225 1731 agnosce-

160 1786 180 1820 »
199 1780 287 1839 rem,
306 1769 366 1826 etc.
389 1785 408 1818 »
428 1754 469 1824 ln
484 1750 576 1826 bisce
590 1779 667 1825 vero
683 1752 820 1854 privatis
833 1751 968 1851 judiciis
983 1781 1071 1828 nnus
1086 1741 1224 1855 q'uidem

158 1885 287 1942 tanturn
308 1867 407 1965 judex
424 1866 516 1940 litem
538 1895 597 1942 sua
620 1868 782 1942 sententia
797 1867 990 1953 definiebat3
1007 1858 1101 1943 mant
1112 1887 1224 1946 tamen

158 1980 214 2056 alii
238 1982 358 2081 judicis
383 1983 478 2056 amici
497 1982 680 2081 jurisperiti
696 1983 730 2055 in
748 1981 925 2056 consilium
948 1983 1108 2074 adhibiti,
1124 2004 1224 2088 prout

157 2095 245 2169 idem
265 2095 393 2170 Gellius
418 2112 534 2196 postea
552 2105 564 2134 ²
579 2095 700 2168 docet:
720 2127 738 2159 α
755 2095 954 2183 Petebatur,
971 2096 1035 2185 ait,
1057 2099 1152 2201 apud
1172 2126 1223 2174 rnc

159 2245 178 2279 o
197 2211 353 2314 pecunia,
370 2239 443 2313 quac
455 2207 625 2287 dicebatur
637 2200 713 2286 data
724 2231 978 2313 numerataque,
992 2234 1052 2288 etc.
1071 2249 1088 2281 n
1106 2218 1222 2292 Paucis

157 2327 275 2402 deinde
286 2325 474 2428 postlineis
489 2357 497 2401 :
515 2362 532 2392 «
549 2329 661 2414 Tunc,
675 2326 783 2415 addit,
798 2327 846 2401 ibi
860 2329 955 2402 amici
969 2329 1052 2416 mei,
1070 2361 1157 2433 quos
1167 2361 1220 2408 ro

157 2477 177 2512 n
198 2469 348 2540 paveram
366 2441 402 2515 in
421 2441 596 2517 consilium
607 2442 695 2529 ,uiri
712 2444 896 2531 exercitati,
915 2462 1012 2544 atque
1028 2445 1063 2517 in
1077 2449 1220 2547 patroci-

159 2593 177 2627 »
198 2558 262 2634 niis
275 2557 353 2634 etin
365 2563 477 2662 operis
490 2558 552 2632 lori
565 2556 727 2644 celebres,
798 2588 868 2632 non
880 2558 1059 2633 sedendum
1077 2562 1218 2650 diutius,

159 2704 232 2749 »ac
252 2672 337 2748 nibil
360 2701 432 2749 csse
458 2675 596 2748 dubium
621 2673 791 2763 dicebant,
816 2675 896 2774 quin
922 2672 1146 2752 absolvendus
1172 2679 1219 2753 lo·

157 2824 176 2856 »
196 2808 263 2877 ret,
282 2808 342 2864 etc.
367 2823 384 2856 ν»
403 2791 562 2863 Praeterea
579 2789 627 2862 vel
645 2818 683 2863 er
703 2790 860 2863 Cicerone
877 2808 986 2890 patet,
1002 2819 1117 2866 causas
1132 2793 1219 2868 baud

155 2904 237 2978 adeo
258 2903 344 2978 leves
364 2931 401 2976 ac
421 2902 522 2998 vulgo
547 2922 684 3004 putant,
704 2905 761 2979 sed
777 2921 809 2976 et
826 2905 1031 2999 gravissimas
1050 2907 1085 2980 in
1101 2907 1219 2984 iisdem

154 3020 285 3117 judiciis
302 3019 439 3121 privatis
452 3035 539 3094 actas
554 3020 664 3094 fuisse.
679 3019 739 3095 llle
753 3021 840 3095 enirn
855 3020 897 3095 de
909 3022 1050 3096 Oratore
1064 3023 1075 3062 ³
1091 3053 1099 3096 :
1117 3056 1135 3088 «
1149 3024 1220 3099 Vo-

156 3171 174 3202 »
192 3135 286 3210 litare
298 3136 334 3210 in
345 3136 437 3226 soro,
451 3136 573 3212 baerere
582 3138 620 3224 ‚in
635 3139 722 3236 jure,
737 3167 774 3213 ac
787 3156 965 3239 praetorum
977 3139 1217 3234 tribunalibus,

156 3288 174 3320 a
195 3273 340 3329 suorum
350 3273 506 3330 rurvsra
515 3283 706 3351 magnarum
718 3256 1217 3362 remmobire,inquibussaeps

157 3403 173 3433 o
191 3397 257 3441 non
277 3370 317 3443 de
332 3369 435 3457 facto,
449 3371 507 3445 sed
522 3371 562 3444 de
575 3371 726 3472 equitate
741 3390 775 3445 et
790 3373 862 3470 jure
873 3392 1033 3461 certetur;
1048 3376 1171 3471 jactare
1184 3403 1216 3450 sc

158 3518 174 3548 u
193 3483 229 3556 iu
245 3485 352 3560 causis
374 3501 732 3574 centumviralium,
749 3487 785 3560 in
804 3489 928 3590 quibus
952 3488 1214 3587 usucapiouum,

157 3635 174 3665 u
197 3597 394 3686 tutelarum,
411 3600 651 3694 gentilitatum,
669 3604 898 3700 agnationum,
915 3602 1138 3695 alluvionum,
1155 3607 1216 3682 cir·

156 3748 172 3777 >v
194 3711 457 3802 cumluvionum,
479 3743 658 3804 nexorum,
675 3719 854 3818 parietum,
875 3715 1058 3806 luminum,
1081 3718 1213 3793 stillici-

186 3902 193 3930 ¹
213 3899 288 3952 Noct.
304 3897 382 3951 artic
396 3896 439 3950 lib.
453 3897 530 3964 XIV,
542 3918 596 3969 cap.
608 3919 631 3954 a.

184 3992 196 4021 ¹
214 3990 282 4044 Vide
296 4002 322 4044 et
333 3989 377 4043 lib.
390 3990 460 4056 ΧΠ,
474 4008 527 4060 cap.
544 3992 581 4044 13,

182 4077 193 4110 ³
210 4079 266 4133 Lib.
277 4080 303 4150 l,
314 4101 368 4152 cap.
382 4083 431 4147 38,
448 4079 506 4135 vide
518 4092 545 4136 et
556 4083 595 4156 dp
