2768 4694
488 343 543 410 rx
566 343 753 410 ovrnrr
776 343 898 410 mm.
938 393 940 398 .
1184 347 1228 437 ⁵9

155 484 225 571 lat,
241 481 448 579 Prasstioue,
469 481 521 555 lib.
540 481 570 556 Ι
578 482 625 555 od
638 482 768 555 Stellam
777 511 791 567 ;
806 510 943 568 rursus,
960 480 1092 580 Proesot.
1110 483 1161 557 lib.
1181 485 1235 558 II

157 599 206 675 od
209 599 372 674 Meliorem
386 597 558 682 Auditum
570 599 710 682 iterum,
722 598 854 697 Prufot.
867 598 921 671 lib.
938 596 1016 671 ΙΙΙ
1022 597 1068 670 od
1074 588 1209 671 Polliam
1217 629 1231 683 ,·

159 736 195 791 et
203 717 256 790 lib.
268 715 338 791 IV
343 715 549 819 Heudecuyl.
564 715 610 788 od
619 714 768 787 Plotium.
786 715 879 810 Quin
891 715 989 788 etiam
1001 715 1228 814 jurisconsulti

163 861 200 908 ea
212 833 373 918 carmina,
390 831 516 934 quihus
529 828 670 928 alicujus
682 832 768 903 suma
784 829 1031 932 proscinditur,
1048 832 1234 930 cujusmodi

163 969 241 1029 sunt
255 952 319 1026 ista
335 950 518 1034 ovidiana,
527 951 666 1044 soruosos
681 948 801 1020 libellos
813 965 943 1021 vocant.
954 949 1034 1021 ttae
1047 966 1156 1023 autem
1169 950 1233 1022 mi-

163 1093 243 1138 nora
267 1064 410 1136 sortasse
431 1061 652 1149 videbuntur,
670 1089 767 1160 quam
785 1078 824 1133 ut
839 1061 1119 1135 animadversione
1134 1063 1234 1158 digna

164 1197 285 1254 essent.
305 1180 429 1250 Parum
446 1175 734 1276 enim-reipublicae
749 1175 898 1250 literaria
913 1178 1047 1250 interest
1065 1179 1161 1252 Dine
1174 1205 1235 1261 ue,

166 1321 211 1366 an
234 1292 380 1366 Libellus
393 1290 459 1365 hoc
474 1291 659 1391 poemation
676 1291 877 1366 inscribatur
897 1321 905 1364 :
926 1320 1038 1366 rernm
1054 1291 1235 1388 legitimam

169 1407 403 1512 scriptionem,
419 1426 516 1509 atque
533 1408 637 1509 ipsam
653 1411 798 1484 Nasonis
815 1438 949 1483 manum
966 1411 1137 1485 immutare.
1154 1409 1240 1484 nulli

169 1557 231 1630 per
244 1555 297 1601 me
314 1525 433 1602 licebit.
453 1529 499 1600 Ut
516 1545 556 1603 ut
571 1527 637 1613 sit,
662 1528 806 1600 Nasonis
823 1545 937 1602 votnm
956 1556 1051 1603 omne
1067 1531 1101 1601 in
1118 1527 1239 1615 malis,

169 1642 344 1731 monstris,
361 1642 507 1731 morbis,
534 1642 679 1730 exsiliis,
697 1644 890 1745 suppliciis,
909 1643 1035 1745 plagis,
1054 1645 1238 1730 mortibus,

171 1758 358 1858 cujusmodi
373 1787 506 1834 carmen
519 1758 606 1832 diros
622 1756 852 1859 appellabant,
868 1759 959 1859 quod
972 1758 1034 1832 illa
1051 1760 1176 1834 scilicet
1187 1759 1241 1833 ul-

171 1874 270 1950 trices
287 1876 365 1949 Deae
383 1893 595 1976 putarentur,
615 1903 754 1975 quamm
778 1876 914 1948 numina
930 1870 1083 1976 precibus
1107 1877 1141 1948 in
1158 1873 1243 1948 hos-

175 1989 273 2077 tium,
286 2008 345 2063 aut
353 1990 563 2065 inimicorum
574 1991 751 2091 perniciem
759 2010 982 2064 evocarentur.
999 1992 1149 2065 Priscum
1157 1989 1241 2065 illud

175 2105 325 2206 quidem,
344 2123 443 2208 atque
459 2107 495 2178 in
508 2107 615 2180 scenis
627 2107 771 2207 primurn
787 2107 967 2201 agitatum,
982 2137 1058 2181 mox
1075 2108 1116 2181 ad
1129 2137 1242 2184 receu-

176 2222 294 2295 tiorum
313 2223 439 2295 animos
450 2222 753 2310 accommodatum,
772 2244 810 2297 ut
824 2225 1033 2299 observatum
1047 2243 1098 2300 est
1113 2254 1133 2300 a
1148 2223 1240 2298 Julio

177 2336 359 2432 scaligero,
378 2339 519 2410 Poetices
545 2338 602 2410 lib.
624 2338 652 2411 I
659 2354 673 2429 ‚'
687 2367 754 2438 cup.
774 2338 830 2412 53.
855 2343 1044 2416 Exornatur
1057 2350 1190 2430 autem,'
1204 2360 1242 2415 ut

175 2448 245 2549 ipse
262 2451 329 2539 ait,
354 2452 525 2525 sententiis
543 2479 611 2523 uon
628 2450 837 2548 vulgaribus,
864 2471 897 2527 et
913 2455 1010 2529 variis
1026 2455 1240 2530 historiarum

178 2567 397 2662 ambagibus,
424 2567 533 2667 qualia
558 2567 689 2670 scripsit
717 2569 857 2643 Ovidius
885 2570 918 2641 in
941 2570 1028 2642 Ibin.
1051 2572 1091 2641 ln
1112 2571 1243 2642 Horatii

178 2685 297 2784 Epodo
315 2684 442 2784 aliquid
457 2685 611 2780 imaginis
627 2703 698 2759 est:
715 2686 901 2786 expressior
917 2685 1005 2786 apud
1024 2683 1190 2758 Catullum
1208 2685 1241 2756 in

180 2799 335 2873 Ariadne
351 2803 600 2899 conquestione,
624 2819 657 2875 et
677 2801 711 2873 in
730 2821 849 2902 quarto
866 2801 1036 2877 AEueidos.
1064 2803 1145 2875 Item
1171 2831 1243 2904 quae

181 2913 295 2986 fundit
311 2912 480 2988 Statianus
497 2915 669 3016 OEdipus,
692 2935 825 3016 sumpta
842 2919 882 2991 de
903 2917 1024 2991 Graecis
1040 2918 1188 3012 tragicis,
1206 2937 1243 2991 ut

168 3051 215 3145 ‘et
229 3035 360 3107 Senecae
377 3031 525 3106 Theseus
542 3061 580 3106 ex
598 3032 770 3132 Euripide.

183 3224 1240 3257 w

539 3342 745 3427 CAPUT
785 3342 881 3426 Ill.

184 3527 387 3567 usnemun
400 3528 513 3565 uruntur.
531 3524 625 3577 outre
639 3523 833 3565 cxuerrrtcnus
847 3524 1026 3564 erosnoururr
1039 3511 1125 3566 lsrnrs
1134 3529 1245 3565 xoums

218 3612 394 3662 nxrorurr,
415 3610 530 3659 corrue
547 3609 722 3660 nrxurrarrr,
743 3608 870 3660 aremus,
892 3609 1042 3660 orscrorm,
1067 3611 1101 3648 ιτ
1115 3609 1244 3648 turonum

218 3691 408 3734 sxnxsrrtnr.
418 3695 536 3736 ussurus
551 3694 670 3744 unussrr
683 3693 790 3751 sersus.
802 3694 974 3733 rurrrrrrcm
986 3693 1052 3732 oux
1061 3695 1143 3736 scrru
1155 3692 1247 3732 urosr.

189 3798 398 3904 Ovrmus
421 3833 485 3907 soc
511 3830 626 3905 liberto
652 3831 766 3904 nesso
791 3859 888 3932 quon
911 3831 973 3905 sub
993 3831 1097 3905 urm
1115 3828 1247 3903 nomm

189 3944 346 4046 graphice
362 3965 550 4020 auimatum
563 3944 657 4020 Diris
679 3945 816 4019 devoret
832 3975 840 4018 ε
859 3973 955 4019 causa
971 3944 1090 4045 triplex
1101 3942 1143 4013 ab
1162 3942 1249 4042 ipso-

190 4080 254 4135 met
272 4059 422 4135 affertur.
438 4060 510 4139 this
526 4061 636 4136 Ovidii
653 4089 772 4138 nomeu
787 4060 914 4161 ubique
929 4057 1109 4134 maledictis
1123 4055 1249 4134 lacera-
