2768 4694
484 111 580 177 unu
604 111 638 176 r.
664 109 890 180 messos.
1135 122 1223 206 ⁴243

163 286 181 318 ³»
202 252 242 329 C.
257 248 393 335 Duilius
408 266 595 338 struxerat,
622 268 680 325 eto.
699 284 716 316 u
744 253 799 324 En
814 250 927 352 plures
953 255 1100 332 Deorum
1119 260 1225 349 sdes,

160 395 244 468 quas
257 365 322 439 hoc
332 392 418 439 anno
431 364 601 439 restitutas
614 365 774 440 dedicavit
787 367 947 455 Tiberim,
961 387 1001 444 ut
1013 397 1052 444 eu
1065 375 1226 474 respicere

158 510 299 584 prorsus
313 482 405 556 Naso
418 480 578 555 videatur.

207 597 373 699 Equidem
394 597 485 671 bunc
514 596 624 671 Ouidii
642 595 751 673 locum
774 597 815 671 ad
835 601 1034 700 Augustum,
1065 631 1133 677 non
1149 635 1227 681 vero

158 714 195 787 T
190 714 338 801 rdenirm,
361 713 473 792 solent
495 741 564 787 non
593 713 693 787 modo
720 733 1012 799 commentatores.
1029 719 1087 793 sed
1112 739 1146 795 et
1170 721 1227 796 alii

159 827 349 929 complures
362 827 546 903 doctissimi
556 827 617 900 viri
632 828 763 915 referre.
781 833 829 904 At
844 833 984 921 Noster,
1001 835 1147 934 Augusto
1162 838 1228 935 jam

157 960 309 1031 mortuo,
324 944 501 1016 Fastorum
511 940 618 1016 libros
631 944 810 1019 certissime
824 945 989 1020 recensuit
1001 975 1039 1021 ac
1056 948 1223 1044 vulgavit,

158 1074 199 1130 nt
215 1085 321 1156 supra
334 1055 489 1157 pluribus
500 1057 805 1134 demonstravimus.
823 1061 931 1156 Igitur
944 1063 1059 1134 sacrub'
1070 1061 1157 1136 duces
1172 1094 1229 1139 no

161 1172 254 1245 mine
278 1171 393 1247 nullos
415 1169 497 1247 alius
520 1174 611 1247 venit
634 1175 892 1272 intelligendus,
914 1195 1133 1278 praeterquam
1159 1181 1230 1282 ipse

165 1292 203 1365 T
199 1290 313 1367 iterius
321 1319 336 1374 ,·
351 1289 510 1391 siquidem
526 1319 602 1363 eum
621 1320 679 1364 ceu
695 1292 854 1366 viventem
872 1291 998 1382 laudat,
1012 1295 1144 1396 ipsique
1158 1326 1227 1373 mu·

161 1424 252 1481 tuam
269 1406 416 1481 Deorum
433 1435 545 1481 summ
564 1424 720 1508 exoptat,
740 1408 826 1485 sicut
851 1426 885 1482 et
906 1406 1076 1505 longatus
1103 1441 1229 1503 annos,

157 1519 236 1593 dum
251 1519 441 1619 subjungit,
459 1548 544 1594 vers.
565 1520 637 1593 65:

317 1665 393 1722 Dent
403 1664 450 1721 tibi
464 1665 603 1735 celestes,
616 1678 682 1737 quot
694 1678 724 1721 tn
734 1666 902 1735 caelestibus,
916 1689 1014 1740 sunus,

352 1757 459 1827 Proque
471 1767 516 1812 tua
530 1769 657 1813 maneant
668 1758 696 1811 in
705 1759 817 1814 statione
829 1760 917 1814 domo.

202 1875 262 1948 lV.
283 1873 321 1947 si
337 1902 415 1983 vero
432 1892 530 1977 poeta
546 1894 676 1965 noster,
693 1893 773 1977 post
789 1875 883 1952 illum
903 1879 1089 1954 Germanici
1107 1883 1229 1958 trium·

159 1990 281 2092 phum‚
296 1992 413 2067 Festos
430 1992 472 2065 sd
488 1993 683 2069 umbilicum
698 1995 872 2095 perduxit,
885 2024 921 2068 ac
935 1998 969 2070 in
983 1997 1088 2073 lucem
1103 2000 1227 2088 emisit;

158 2108 234 2184 binc
246 2138 381 2187 necesse
397 2109 570 2197 suerio-ur
580 2129 655 2187 ante
668 2111 800 2185 medrisse
813 2111 940 2185 huncce
952 2140 1074 2188 annum
1091 2117 1225 2189 minime

158 2224 341 2300 decesserit.
364 2225 496 2296 Etenim
516 2224 721 2330 Hieronymus
745 2227 780 2298 in
807 2227 976 2299 Chronico
1004 2230 1075 2326 ejus
1098 2229 1225 2303 obitum

158 2344 259 2416 refert
276 2342 315 2414 ad
332 2369 455 2412 annum
473 2338 613 2413 Abrahae
629 2341 899 2441 tutuxxxl11‚qui
918 2371 935 2414 a
959 2343 1144 2443 Septembri
1167 2376 1221 2420 su·

156 2456 298 2556 periuris
317 2457 393 2528 anni
411 2453 629 2527 decurrebat:
648 2488 664 2518 α
680 2442 851 2543 Otium&
867 2456 932 2545 ait,
947 2477 1045 2559 poeta
1057 2459 1091 2531 in
1106 2460 1219 2534 exsilio

159 2603 176 2634 u
197 2570 283 2643 diem
300 2567 401 2656 obiit,
420 2585 453 2642 et
467 2567 558 2666 juxta
575 2567 735 2668 oppidum
754 2574 880 2646 Tomos
903 2571 1069 2672 sepelitur.
1091 2608 1108 2639 u
1135 2579 1219 2672 Quae

156 2682 274 2786 procul
294 2684 418 2769 dnbio,
437 2712 504 2756 non
522 2711 617 2759 secus
638 2710 677 2755 ac
701 2682 822 2761 alinde
839 2687 917 2760 viris
939 2687 1125 2763 illustribus
1140 2692 1219 2793 plu·

156 2802 252 2890 riusa,
269 2818 440 2875 mutuatus
455 2817 506 2874 est
522 2828 541 2873 a
557 2800 731 2873 Suetonio.
748 2826 752 2833 ·

201 2919 325 3019 Quoad
349 2918 461 2993 Ovidii
487 2915 679 3018 sepulchrum
700 2932 843 3017 spectat,
864 2947 959 3015 grave
985 2948 1051 2992 non
1074 2923 1136 2994 erit
1159 2923 1212 2997 hic

155 3036 366 3139 adposuisse,
387 3062 459 3135 qnae
477 3033 668 3134 Stephanus
683 3031 852 3109 zanunim
866 3035 899 3106 in
918 3033 1084 3110 Analectis
1105 3034 1215 3111 Dacia

156 3152 398 3252 Antiquitatum
420 3157 429 3187 ¹
447 3148 598 3249 profert:
618 3144 818 3225 «Eusebius
843 3148 959 3221 scribit
978 3149 1013 3220 in
1039 3149 1213 3223 Chronieis

158 3296 174 3325 »
194 3264 349 3337 Ovidium
363 3264 498 3355 Tomis,
515 3260 640 3362 oppidu
663 3258 991 3348 Murisinserioris,
1010 3290 1079 3336 esse
1104 3260 1214 3360 sepul-

155 3411 172 3440 »
194 3395 281 3467 tum,
302 3379 394 3479 qnod
419 3406 508 3451 nunc
536 3378 571 3451 Τ
567 3376 728 3452 omes-V
719 3405 759 3453 ur
772 3386 1015 3478 osseputatur,
1032 3379 1067 3450 in
1089 3377 1213 3449 linibus

157 3525 172 3556 u
194 3492 319 3579 Dacia,
334 3490 460 3565 etiamsi
469 3493 507 3567 in
520 3522 561 3567 eo
570 3491 787 3567 describendo
800 3492 881 3567 uarii
891 3493 962 3567 'sint
975 3510 1109 3565 ueteres.
1123 3492 1211 3563 Pon·

154 3642 169 3672 u
192 3627 295 3682 tanus·
307 3624 438 3694 autem,
452 3608 487 3683 in
500 3609 586 3698 libro
598 3609 640 3683 de
653 3608 914 3705 Magnificentia‚
929 3637 1005 3709 cup.¹
1020 3606 1079 3694 15,
1093 3605 1209 3691 tradit,

181 3785 189 3814 ¹
209 3780 275 3850 cap.
291 3796 338 3844 IV,
352 3798 409 3849 pag·
427 3796 454 3846 17
465 3816 473 3844 ,
485 3780 517 3835 ad
529 3780 624 3836 sulcem
634 3768 799 3852 Wbll'qsngi
812 3780 882 3835 Latii
900 3778 1081 3834 Commentau.
1096 3772 1128 3829 de
1139 3744 1211 3845 llep.

153 3866 227 3919 Rom.
238 3887 280 3919 an.
295 3867 365 3936 1598.
1082 3890 1086 3901 ·
1119 3902 1122 3909 .
