2768 4694
155 351 223 435 4ι4
401 348 644 414 NOTITIA
667 346 1002 433 LITERARIAV

644 476 733 565 1518.

195 596 358 658 lietoldum
373 595 531 673 Epistulae,
553 594 591 654 Α.
610 593 707 654 Sabini
727 592 886 672 Epistulae,
903 594 939 654 de
954 595 1040 653 Nuce
1061 590 1178 674 Elegia,
1197 592 1225 652 de

156 696 346 759 Medicamine
360 692 449 754 faciei.
475 696 512 754 ln
523 694 598 754 fine:
616 719 631 747 α
643 692 852 775 Argentorati‚
868 715 902 754 ex
919 691 1034 753 officina
1046 692 1227 754 Schmeriam

155 815 253 856 mense
264 793 373 855 Martio
383 794 574 853 Mnxvltl.
589 821 605 847 s
622 789 720 864 in-L⁰.
731 791 905 865 —Panser,
921 803 994 852 tom.
1006 792 1073 862 vl,
1086 812 1150 873 pag.
1166 787 1212 849 stt

49 896 50 899 ¹
200 894 344 954 Amorum
362 891 428 952 libri
443 905 525 967 tres,
543 892 578 951 de
595 891 785 952 Medicamine
799 889 879 952 faciei
888 889 1025 964 libellus,
1040 900 1072 948 et
1088 891 1162 950 Nux.
1181 892 1230 950 ln-

159 992 248 1053 linitis
265 1012 347 1069 poenc
364 990 510 1050 erroribus
527 989 756 1071 manuscriptis
776 988 980 1066 exemplaribus
994 987 1149 1048 emaculati.
1169 990 1231 1049 Una

160 1113 226 1153 cum
240 1087 389 1149 Dominici
406 1088 492 1168 Nigri
503 1088 608 1148 Veneti
626 1088 861 1150 luculentissimis
879 1086 1106 1148 enarrationibus
1118 1110 1125 1145 :
1137 1087 1231 1148 addito

158 1188 253 1248 indice
269 1209 389 1260 eorum,
410 1209 476 1267 quaa
496 1186 585 1268 digna
599 1200 700 1248 notatu
714 1189 772 1248 visa
786 1199 864 1246 sunt.
890 1187 945 1246 Itis
961 1186 1082 1268 insuper
1099 1185 1232 1246 accedunt

160 1289 250 1347 Pulex
264 1300 294 1346 et
306 1285 465 1345 Philomela
478 1310 484 1343 ι
499 1287 566 1357 licet
576 1285 647 1345 lalso
665 1285 775 1346 Nasoni
789 1284 993 1346 adscribantur.
1005 1286 1040 1343 ln
1056 1284 1118 1343 fine
1133 1306 1141 1342 ε
1156 1285 1232 1343 «Vc

161 1387 263 1458 nuliis,
288 1386 318 1444 in
339 1384 447 1446 aedibus
465 1384 586 1445 'Laeuini
604 1386 639 1445 de
658 1384 803 1457 Tridino‚
819 1404 897 1443 anno
918 1381 1122 1458 Mlsxvtu,
1144 1403 1233 1443 mene

160 1485 306 1545 Januario.
322 1510 337 1536 2»
349 1515 390 1528 --
402 1482 499 1543 in-lol.
508 1517 551 1530 —
565 1486 687 1555 Fames,
705 1495 779 1542 tom.
795 1483 897 1556 vill,
913 1503 979 1564 pag.
993 1479 1063 1557 445

202 1583 286 1650 Libri
301 1583 336 1644 de
354 1584 428 1643 Arte
443 1583 567 1644 Amandi
584 1595 613 1643 et
630 1583 665 1642 de
681 1580 977 1657 Remediohmoris,
993 1602 1050 1641 nna
1069 1583 1137 1642 'cuna
1151 1580 1233 1643 lutu-

160 1685 329 1745 >lentissimis
341 1685 552 1745 commentariis
562 1684 662 1746 Barth·
670 1682 792 1744 lderulae
803 1725 812 1756 ,
822 1680 918 1743 etaliis
933 1681 1127 1744 additionibus
1133 1682 1231 1743 novis:

163 1805 255 1864 nuper
270 1785 302 1842 in
315 1782 409 1843 lucem
424 1783 535 1845 emissis
545 1827 555 1859 ‚
570 1782 780 1864 aptissimisque
793 1781 892 1865 liguris
910 1781 1020 1856 ornffi,
1040 1795 1099 1846 etc.
1108 1782 1144 1844 h
1154 1779 1215 1841 fine
1226 1801 1233 1839 :

165 1908 180 1933 ιι
194 1886 368 1962 impressum
381 1882 510 1942 Venetiis
521 1924 530 1954 ‚
542 1880 573 1940 in
583 1879 694 1942 aedihus
702 1880 824 1942 Joannis
838 1879 958 1941 Tacuini
969 1880 1004 1940 de
1015 1879 1235 1956 Triumphus

164 1976 284 2045 Domini
300 1982 502 2055 Mvassl,
520 1982 566 2042 die
581 1997 626 2041 xx
640 1980 795 2043 Februarii.
806 1981 935 2044 sin-sol.
946 2016 985 2027 -
995 1979 1196 2059 Pmtrsffi‘l·

206 2079 449 2156 Metamorphosis
466 2099 532 2136 cnm
544 2076 776 2147 luculentissimis
787 2081 880 2162 Raph.
895 2080 981 2164 Regii
992 2077 1236 2154 emtionibus,

166 2178 269 2260 quihus
280 2200 346 2239 cum
355 2179 408 2239 alia
423 2176 550 2258 quiedam
566 2177 707 2256 adscripta
720 2191 806 2239 sunt:
821 2204 886 2262 quae
899 2180 929 2240 in
945 2177 1147 2258 exemplaribus
1157 2192 1238 2242 antea

167 2278 311 2355 impressis
338 2299 400 2339 non
424 2275 634 2337 inveniuntur:
658 2288 721 2338 tum
742 2299 841 2339 eorum
863 2279 997 2362 apologia
1019 2300 1078 2361 quse
1092 2276 1238 2341 fueranta

169 2375 336 2458 quibusdam
350 2375 529 2452 reprehensa.
554 2375 588 2433 ln
602 2374 658 2433 fine
674 2397 680 2432 :
699 2401 713 2426 u
734 2378 905 2458 lmpressum
916 2377 1062 2451 venetiis,
1073 2397 1123 2459 per
1139 2378 1238 2438 tosu-

167 2498 232 2538 nem
250 2475 410 2537 Tacuinum
422 2475 457 2536 de
473 2472 602 2534 Tridino.
620 2477 649 2532 Μ
655 2475 808 2535 ΒΧἮΙΙ.
822 2502 837 2532 s
854 2478 1002 2538 in-lol.-
1011 2479 1117 2538 Panser
1129 2520 1138 2551 ‚
1150 2475 1219 2538 ibid.

207 2574 456 2656 Metamorphoses
472 2595 537 2633 cum
555 2573 633 2632 Petr.
652 2574 762 2634 Lavinii
779 2577 968 2659 tropologicis
983 2575 1236 2639 nonnullarumfa-

168 2673 295 2736 bularum
307 2670 540 2738 enarrationibus.
560 2695 575 2725 α
589 2673 741 2754 Lugduni,
755 2674 785 2734 in
796 2673 903 2736 sedibus
924 2675 1053 2737 Simonis
1067 2675 1234 2757 Bevilaqnoe.

166 2776 355 2837 MDXVIII.
371 2803 386 2829 »
405 2771 503 2834 in-lol.
516 2773 691 2846 —Panaer‚
709 2786 780 2835 tom.
797 2777 881 2849 vn,
900 2798 962 2858 pag.
976 2775 1048 2839 321.

243 2893 251 2914 '
660 2886 745 2971 1519.

207 3004 306 3065 Ovidii
321 2995 444 3063 Nasonis
459 3001 522 3059 Vita
538 3022 571 3059 ex
589 3001 678 3077 ipsius
693 3001 772 3063 libris
787 3005 948 3082 excerpta,
973 3005 1133 3067 Heroidum
1149 3005 1236 3082 Epis-

164 3102 256 3174 totu,
280 3103 422 3160 Amorum
439 3096 504 3157 libri
520 3098 586 3172 ΙΙΙ,
604 3097 638 3157 de
652 3100 725 3159 Arte
740 3101 863 3162 hmandi
879 3101 944 3162 libri
964 3104 1027 3176 111,
1042 3103 1078 3162 de
1093 3101 1234 3165 Remedio

166 3200 285 3260 Amoris
302 3195 367 3256 libri
384 3197 437 3270 11,
453 3195 487 3257 de
505 3197 693 3258 Medicamine
712 3199 814 3275 faciei,
841 3204 929 3275 Nux,
949 3201 1116 3273 Somnium,
1140 3200 1234 3262 Peles

164 3311 192 3358 et
201 3294 360 3358 Philomela
369 3338 379 3368 ,
389 3297 515 3377 quamvis
527 3296 626 3360 Ovidii
640 3319 700 3358 esse
712 3299 841 3361 dicantur
854 3345 862 3375 ‚
875 3323 935 3361 non
947 3300 1030 3382 magis
1039 3311 1133 3359 tamen
1144 3299 1234 3377 ipsius

164 3409 252 3470 sunt,
271 3417 354 3475 quam
368 3394 466 3455 Sabini
482 3408 541 3457 tres
557 3396 637 3468 illae,
659 3421 723 3478 quae
737 3399 779 3460 illi
799 3399 997 3461 adscribuntur
1011 3399 1164 3477 Epistola.
1191 3401 1234 3459 Ne

165 3499 236 3578 quid
251 3510 346 3556 tamen
363 3495 514 3566 desiderari
528 3518 544 3556 a
560 3495 644 3556 nobis
668 3499 779 3574 possit,
796 3501 857 3560 haec
878 3502 961 3560 etiam
986 3499 1175 3582 adjunximus.
1201 3499 1233 3557 ln

168 3594 225 3654 fine
244 3617 251 3653 :
270 3621 285 3646 a
306 3593 484 3668 Florentiae,
499 3616 550 3672 per
567 3593 685 3655 heredes
699 3595 824 3679 Philippi
845 3599 944 3657 Juntae
960 3596 1140 3671 Florentini,
1161 3616 1234 3659 anno

165 3693 286 3753 Domini
307 3693 474 3766 MDXIX,
494 3693 592 3754 Leone
613 3694 735 3757 Decimo
759 3696 904 3773 pontifice.
919 3723 934 3749 ι»
952 3695 1233 3769 issa-Pansa,

164 3805 236 3853 tom.
248 3776 331 3865 vll,
347 3779 416 3874 pag-¹
426 3788 474 3849 31.

206 3892 379 3966 Quindecim
394 3891 666 3970 Metamorphoseon
684 3893 769 3966 libri,
786 3917 851 3954 cum
864 3895 921 3956 visa
938 3895 1092 3967 Nosonis‚
1112 3917 1164 3973 per
1180 3893 1235 3954 At-

164 3989 232 4069 dum
256 3991 427 4051 Manutium.
444 3988 628 4065 Argemms·
635 4037 645 4066 ‚
660 4014 713 4073 per
726 3992 869 4053 Joanncm
888 3993 1063 4054 Knoblouch.
1083 3991 1182 4068 in-40.
1198 4024 1234 4039 ·-·

153 4090 289 4162 Pariter,
303 4099 373 4146 tom.
386 4087 454 4162 vl,
472 4107 533 4168 pag.
549 4107 599 4169 90.
