2768 4694
481 348 582 415 PER
605 349 639 414 J.
663 346 892 417 MASSON.
1154 351 1219 416 203

317 487 441 557 Improba
455 496 555 557 pugnat
566 501 676 552 nrm,
691 486 909 557 indignaturque,
922 487 993 557 quod
1007 486 1090 541 ausim

353 577 486 644 Scribere„
499 598 526 631 se
539 577 635 648 rigidas
648 577 792 632 incutiente
804 579 897 633 minas,

155 715 203 786 Ut
215 726 485 786 anausmaux
503 704 591 780 idem
607 704 672 794 sit,
690 735 728 780 ac
746 725 885 794 ΗΥΕΜε,
903 735 962 780 seu
979 705 1126 808 hyemale
1144 723 1227 780 tem-

154 854 239 927 pus;
266 851 328 898 nec
353 821 468 897 stricte
492 820 602 894 veniat
624 820 815 920 accipienda
839 848 902 921 pro
923 819 1056 925 hyberno
1079 819 1229 904 solstitio·

157 938 433 1040 quemadmodum
457 939 582 1012 Bruma
608 935 751 1009 sumitur
778 937 867 1038 apud
889 936 1076 1036 Vrigiliurn,
1106 935 1228 1030 Georg.

157 1055 213 1130 lib.
240 1059 276 1144 l,
303 1085 390 1130 vers.
419 1079 515 1139 211,
542 1070 581 1126 ut
603 1080 674 1124 eam
702 1055 799 1126 etiam
824 1054 974 1140 Plinius,
1003 1052 1062 1127 lib.
1091 1054 1230 1140 XVIII,

158 1202 228 1273 cap.
245 1173 312 1264 24,
328 1172 581 1270 interpretatur,
600 1185 698 1266 atque
715 1169 804 1268 apud
820 1169 930 1270 ipsum
951 1168 1116 1253 Ovidium,
1141 1171 1228 1242 Fast.

158 1289 219 1362 lib.
238 1289 273 1374 Ι,
291 1286 372 1374 ubi,
397 1313 500 1386 quum
515 1301 613 1385 poeta
630 1283 797 1373 finxisset,
815 1314 897 1360 vers.
927 1289 1016 1387 149,
1041 1315 1076 1361 se
1098 1314 1232 1382 rogasse

161 1408 307 1479 lanum:

393 1521 526 1592 Ligustinus
537 1541 620 1591 quare
631 1539 715 1576 novus
725 1523 815 1593 incipit
829 1541 932 1588 annau

165 1650 362 1754 respondet,
380 1667 533 1752 tanquam
553 1677 592 1722 ex
610 1647 750 1746 hujusce
766 1650 830 1723 Dei
847 1679 921 1739 ore,
938 1676 1020 1725 vers.
1044 1650 1134 1726 163:

325 1798 431 1852 Bran
442 1797 505 1851 nori
512 1802 599 1866 priua
611 1800 620 1829 ¹
633 1806 686 1862 est,
699 1796 848 1865 veterisque
859 1801 996 1850 norissima
1006 1797 1066 1852 solis
1077 1818 1083 1851 :

361 1891 524 1962 Principium
535 1891 645 1961 capiunt
656 1889 770 1944 Phoehus
781 1900 808 1943 et
819 1909 904 1944 annus
919 1888 999 1945 idem.

169 2021 314 2110 flarius,
330 2020 430 2095 Trist.
448 2018 509 2093 lib.
527 2021 570 2107 V,
584 2017 680 2114 Eleg.
700 2038 742 2105 x,
756 2045 838 2090 vers.
858 2045 876 2118 7
895 2036 927 2091 et
944 2017 989 2091 8:

275 2170 331 2223 Nec
345 2167 410 2221 mibi
423 2172 559 2221 solstitium
576 2166 640 2234 (scil.
651 2165 784 2233 aestivum)
797 2164 941 2236 quidquam
955 2166 989 2220 de
1002 2166 1121 2223 noctibus
1133 2169 1234 2226 aufert:

328 2260 418 2316 Efficit
430 2271 551 2330 angustas
562 2279 612 2314 nec
622 2260 688 2314 mihi
700 2261 811 2313 Beonan
822 2258 884 2311 dies.

169 2391 211 2463 Ut
226 2406 266 2463 nt
280 2389 343 2476 sit,
359 2402 539 2460 constater
553 2387 725 2487 utriusque
739 2383 863 2479 Elegiae
877 2383 1070 2474 collatione,
1087 2386 1233 2459 decimam

165 2523 242 2604 post
267 2532 377 2577 nonam
405 2528 476 2576 esse
501 2501 746 2593 concinnatam,
765 2520 865 2603 atque
891 2502 1031 2603 proinde
1052 2529 1156 2602 quum
1170 2502 1234 2599 jam

167 2617 312 2693 Ovidius
337 2614 580 2690 Samothraciam
601 2612 807 2717 reliquisset,
831 2644 868 2689 ac
890 2616 1052 2689 Bistonias
1073 2613 1236 2689 scinderet

168 2760 273 2834 aquas
291 2733 354 2827 (ex
370 2729 464 2826 Eleg.
488 2752 544 2818 lx,
565 2757 650 2804 vers.
666 2733 751 2831 48),
767 2733 922 2809 Thracica
937 2731 1103 2834 petiturus
1120 2730 1233 2820 litora,

170 2863 272 2947 prout
287 2846 329 2922 ad
344 2875 466 2920 annum
482 2875 549 2947 seq.
567 2871 777 2948 exponemus

357 3191 440 3245 Anno
452 3189 483 3244 C.
498 3208 525 3243 rx
538 3213 544 3256 ;
558 3191 595 3244 U.
612 3188 894 3256 C.nccu111;0ridii
907 3211 945 3247 ιιι
956 3202 984 3247 et
996 3210 1056 3249 uu.

256 3339 287 3392 P.
307 3335 425 3390 CORN.
440 3333 685 3402 DOLABELLA,
706 3333 870 3392 C.JUN10
888 3335 1026 3392 sunno
1045 3335 1147 3393 COSS.

219 3482 245 3551 l.
272 3480 389 3574 Quum
407 3477 549 3552 Ovidius
563 3505 603 3551 ex
616 3474 712 3551 Italia
728 3474 901 3567 solvisset,
920 3478 1117 3580 etquidem,
1135 3497 1174 3552 ut
1186 3477 1237 3549 vi-

176 3591 290 3679 detur,
306 3592 494 3681 Brundisio,
517 3593 606 3667 unde
628 3592 732 3667 tritum
748 3595 781 3667 in
801 3593 957 3669 Graciarn
973 3595 1031 3669 iter
1045 3612 1115 3670 erat
1132 3603 1161 3679 ²,
1179 3619 1239 3691 per

175 3702 386 3791 Adriaticum,
407 3707 523 3781 deinde
536 3737 595 3809 per
607 3708 733 3783 Ionium
746 3737 835 3783 mare
848 3727 959 3783 vectus
972 3728 1040 3797 est,
1054 3726 1093 3782 ut
1102 3735 1141 3779 ex
1156 3704 1239 3809 locis

176 3816 327 3919 superius
343 3818 378 3890 in
392 3820 534 3898 medinm
551 3821 691 3924 prolatis
711 3821 827 3925 liquet.
847 3823 967 3899 Postea
982 3821 1121 3901 Lcclcas
1139 3846 1242 3917 quum

208 4023 215 4050 ¹
235 4016 342 4071 Scilicet
354 4017 418 4071 dies.

207 4114 219 4142 ²
236 4108 350 4175 cicero,
363 4107 432 4163 Ριει.
445 4111 465 4163 1.
