2768 4694
154 344 200 432 64
550 288 842 416 EXCURSUS¹

325 496 381 565 Qui
395 493 472 549 simul
484 497 594 564 impure
607 497 696 550 matris
706 496 839 565 prolapsus
851 495 883 548 ab
893 493 951 547 alvo
962 505 1018 561 est,
1113 544 1115 550 ,

352 584 512 659 Cinyphiam
523 585 594 640 tado
606 605 714 656 corpore
726 586 817 656 pressit
827 584 961 638 humum?

157 715 240 814 Item
257 738 339 785 vers.
363 709 435 782 513
450 767 460 800 ,
477 711 537 784 nbi
555 710 687 798 leaenas,
708 711 830 812 quibus
849 727 952 784 scatet
967 708 1097 797 Ali-ica,
1119 711 1227 786 Ibidis

158 823 336 927 populares
351 842 455 899 vocat.
486 828 609 899 Verum
627 825 715 898 enim
739 853 838 910 vero,
865 824 893 896 si
912 824 1106 922 conjectura
1129 822 1225 900 locus

160 942 275 1030 detur,
293 942 398 1016 dicam
412 942 494 1042 quid
505 972 566 1038 ego
581 970 733 1029 sensero,
749 960 798 1026 et,
817 959 856 1014 ut
870 941 958 1041 apud
973 940 1128 1014 Plautum
1141 943 1224 1016 Tra-

158 1052 277 1142 chalio,
286 1057 465 1155 promittam
478 1056 633 1156 capillum,
645 1055 841 1155 inceptumque
849 1053 1004 1126 hariolari.
1014 1057 1129 1156 Neque
1138 1057 1226 1129 enim

159 1168 345 1269 cymbalum
374 1168 456 1242 illud
474 1170 588 1242 mundi
612 1169 800 1270 Appionem
824 1168 1072 1263 grammaticum
1096 1168 1225 1243 imitan-

164 1289 243 1361 dum
261 1287 343 1361 mihi
360 1285 541 1385 proposui,
560 1286 618 1387 qui
635 1302 715 1358 teste
734 1283 860 1371 Plinio,
877 1282 936 1357 lib.
956 1285 1071 1370 XXX,
1090 1310 1161 1384 cap.
1181 1311 1226 1374 2,

158 1405 325 1508 prodidit,
338 1431 374 1477 se
383 1429 536 1475 evocasse
549 1399 685 1474 umbras
697 1398 739 1473 ad
751 1400 1014 1499 percontandum
1025 1401 1226 1491 Homerum,

160 1552 225 1621 qua
242 1519 367 1621 patria,
387 1517 548 1618 quibusve
564 1516 759 1617 parentibus
769 1516 899 1611 genitus
917 1534 1019 1601 esset;
1034 1543 1104 1588 non
1119 1534 1227 1591 tamen

159 1667 274 1713 ausum
291 1635 457 1738 profiteri,
484 1634 565 1736 quid
582 1633 647 1708 sihi
671 1633 908 1734 respondisset.
938 1634 1017 1705 Non
1049 1633 1229 1729 Georgium

159 1753 370 1826 Joachimum
393 1748 591 1835 Rhetieum,
618 1748 794 1850 Copernici
821 1747 1040 1851 discipulum,
1066 1776 1163 1849 quem
1182 1751 1228 1824 le-

160 1885 258 1954 runt,
279 1866 358 1938 dum
375 1865 411 1936 in
429 1881 522 1937 motu
542 1863 660 1936 Martis
673 1863 810 1937 hereret
827 1862 1181 1962 mirabundus,neque
1193 1891 1227 1938 se

161 1982 356 2084 explicaret,
371 1982 413 2054 ad
427 1979 523 2054 Genii
535 1978 703 2054 lamilian's
718 1977 887 2053 oraculum
902 1979 1109 2073 confugisse:
1125 1997 1226 2079 atque

160 2097 240 2169 hinc
257 2115 482 2198 exasperatum
500 2099 659 2170 Daemona
683 2095 898 2171 sciscitatoris
918 2096 1101 2193 importuni
1129 2112 1228 2194 caput

161 2212 204 2287 ad
222 2212 397 2285 imminens
415 2210 549 2311 laquear
566 2211 739 2300 alllixisse,
758 2212 942 2312 iterumque
961 2210 1086 2285 dimissi
1105 2239 1227 2312 corpus

162 2329 205 2403 ad
223 2328 446 2428 pavimentum
465 2327 697 2427 proturbasse,
715 2326 827 2399 addito
846 2355 1026 2428 responso;
1051 2327 1139 2398 hunc
1157 2355 1226 2402 esse

162 2460 291 2518 motum
302 2443 439 2527 Martis,
458 2459 496 2514 ut
512 2442 611 2514 resert
627 2444 772 2514 Joannes
787 2440 965 2541 Xeplerus,
984 2438 1122 2541 epistola
1137 2440 1227 2513 dedi·

162 2559 285 2635 catoria
301 2558 343 2633 ad
361 2556 577 2660 Hudolphum
595 2556 833 2656 imperatorem.
853 2559 940 2628 Tota
962 2585 1014 2630 res
1032 2555 1228 2671 conjecturis

164 2694 349 2777 peragetur.
362 2677 478 2774 ltaque
490 2671 641 2771 suspicor
654 2672 692 2743 C.
706 2668 833 2743 Julinm
848 2671 1018 2771 Hyginum
1033 2698 1117 2757 esse,
1129 2699 1228 2771 quem

163 2792 305 2865 Ovidius
316 2789 394 2863 licto
410 2786 541 2861 nomine
556 2782 630 2859 lbin
645 2783 797 2886 appellat.
818 2785 916 2858 lllum
935 2786 1088 2887 inquam,
1105 2787 1225 2889 dequo

162 2907 360 2993 Suetonius,
387 2906 475 2979 libro
504 2903 544 2976 de
567 2903 749 2977 Illustn‘bus
784 2904 1021 2989 Grammaticis,
1054 2907 1168 2979 retulit
1189 2907 1224 2977 in

162 3020 231 3095 hac
254 3021 380 3094 rerba:
409 3054 426 3084 «ι
446 3020 545 3094 Caius
561 3004 865 3120 Julius-Hyginus,
893 3019 1038 3114 Augusti
1061 3012 1223 3107 libertus,

165 3170 184 3201 »
204 3137 337 3209 natione
356 3134 541 3235 Hispanus,
561 3134 623 3208 etsi
639 3134 791 3208 nonnulli
809 3130 1068 3207 Alexandrinum
1086 3153 1223 3233 putant,

166 3286 192 3315 υ.
205 3269 236 3325 et
252 3280 271 3325 a
286 3253 412 3325 Casare
425 3277 565 3350 puemm
578 3252 718 3323 Romam
728 3247 898 3321 advectum
909 3246 1105 3321 Alexandria
1120 3267 1226 3348 capta,-

165 3403 183 3434 »
201 3367 348 3442 studiose
371 3384 404 3440 et
418 3364 510 3439 avide
528 3366 676 3440 imitatus
697 3382 746 3441 est
773 3362 971 3438 Cornelium·
982 3364 1222 3452 Alexandrum,

164 3518 181 3548 >r
199 3481 447 3578 gmrumaticum
461 3507 602 3575 graecum
611 3533 625 3582 ,Ἴ
640 3505 738 3579 quem
747 3496 885 3578 propter
898 3477 1102 3576 antiquitatis
1116 3480 1225 3552 notio-

166 3632 184 3663 »
204 3624 280 3670 nem
299 3593 539 3694 Polyhistorem
563 3590 677 3679 multi,
695 3592 828 3694 quidam
853 3591 1034 3667 Historiam
1054 3594 1223 3669 vocabant.

166 3750 182 3781 »
203 3711 340 3788 Pratuit
352 3710 506 3784 Palatina
518 3708 744 3796 bibliotheca,
761 3737 822 3782 nec
833 3709 940 3782 multo
949 3709 1053 3782 secius
1063 3709 1225 3810 plurimos

167 3865 183 3895 »
204 3828 342 3913 docuit,
365 3826 496 3924 luitque
515 3824 637 3897 ovidio
654 3839 762 3925 poetae
778 3823 1067 3915 familiarissimus,
1094 3846 1126 3900 et
1144 3830 1225 3902 Caio

167 3977 183 4008 u
203 3944 332 4016 Licinio
351 3938 515 4014 consulari
533 3939 715 4028 historico,
741 3941 799 4041 qui
817 3970 891 4013 eum
904 3942 1082 4017 admodum
1101 3970 1225 4044 paupe-

166 4091 183 4124 »
204 4086 272 4130 rem
283 4058 458 4132 decessisse
469 4054 579 4144 tradit,
588 4071 621 4130 et
634 4051 825 4129 liberalitate
837 4084 904 4144 sua,
917 4057 1027 4156 quoad
1038 4058 1134 4143 vixit,
1150 4083 1224 4127 sus-
