2768 4694
96 415 99 421 .
135 315 202 402 ‚42
442 322 481 386 Ρ.
516 322 946 396 0V1n11uasou1s

158 460 273 557 thue
288 485 404 558 pamm
421 457 533 534 stabili
551 461 611 561 qui
628 465 770 539 carmine
786 464 870 541 lesit
883 468 1051 556 Athenas,
1173 495 1222 548 525

206 571 337 646 Invisus
352 600 466 673 pereas
484 573 655 650 deficiente
672 578 774 653 cibo:

159 693 245 762 Utve
262 689 339 790 lyra
356 708 444 764 vates
460 691 566 765 fertur
581 693 719 793 periisse
736 724 874 787 severae,

207 809 313 882 Causa
330 809 374 881 sit
389 808 480 882 exitii
497 810 629 885 dextera
646 810 721 886 lasa
739 814 811 886 tui:

158 923 269 1021 thue
286 923 551 1018 Agamemnonio
568 923 687 999 vulnus
707 926 799 1000 dedit
816 929 933 1023 anguis
950 931 1097 1019 Orestae,

205 1038 258 1110 Tu
277 1067 410 1139 quoque
428 1040 468 1114 de
486 1071 600 1117 morsu
615 1042 705 1117 virus
722 1044 864 1120 habente
882 1046 987 1122 cadas.
1158 1068 1221 1121 '530

158 1154 209 1227 Sit
227 1155 287 1229 tibi
305 1159 449 1255 conjugii
464 1189 530 1232 nox
548 1161 653 1261 prima
671 1163 848 1238 novissima
869 1165 960 1252 vitae3

205 1273 346 1374 Eupolis
364 1274 428 1345 hoc
445 1275 561 1371 periit,
579 1294 612 1348 et
629 1306 713 1349 nova
725 1298 849 1378 nupta,
866 1281 976 1354 modo.

158 1391 269 1491 thue
288 1390 523 1461 cothurnatum
540 1389 695 1462 cecidisse
712 1392 934 1490 Lycophrona
946 1412 1107 1479 narrant,

205 1505 335 1575 Haereat
348 1503 383 1574 in
400 1500 494 1576 libris
510 1501 573 1574 lixa
591 1503 710 1598 sagitta
729 1503 805 1576 tuis.

155 1615 227 1690 Aut
243 1613 328 1688 lacer
343 1615 378 1687 iu
395 1612 476 1691 silva
490 1614 644 1689 manibus
659 1644 814 1716 spargare
832 1635 985 1703 tuorum,
1173 1641 1224 1692 5³5

204 1729 346 1829 Sparsus
362 1745 401 1802 ut
416 1745 467 1804 cst
482 1728 608 1802 Thebis
626 1757 732 1825 angue
747 1748 876 1804 creatus
891 1758 962 1804 avo.

154 1892 330 1949 verecundam
342 1913 371 1946 ac
383 1893 504 1962 pudicam
522 1892 662 1947 lectionem
709 1896 770 1965 Ιγω
782 1903 862 1946 autes.
881 1893 923 1947 De
933 1893 1085 1948 Stesichoro
1097 1892 1163 1947 sorte
1175 1894 1221 1948 lo-

155 1971 355 2026 arbitrabantur.
365 1971 406 2024 De
418 1982 503 2023 morte
513 1970 661 2025 Archilochi
713 1975 816 2040 quitur,
836 1975 869 2025 de
883 1993 936 2042 quo
949 1974 1092 2041 Horatius,
1113 1973 1157 2026 lib.
1169 1973 1219 2039 lv,

156 2059 260 2113 autem,
277 2059 304 2101 et
323 2049 356 2102 de
374 2046 493 2101 Calonda
511 2067 660 2116 percussore
711 2050 1221 2121 Od.rx,vs.8,S!esa'chor1'quegmresca-

76 2149 80 2159 ·
156 2126 214 2192 ejus
227 2125 307 2179 tradit
320 2124 421 2181 suidas.
710 2152 804 2185 meme.
819 2130 951 2185 Credibile
969 2133 1040 2184 enim
1059 2143 1097 2185 est
1116 2142 1220 2201 poetam

190 2208 246 2258 525.
263 2207 343 2275 thue
351 2225 441 2273 parum
454 2208 601 2282 statilifatc.
614 2204 663 2256 Al·
714 2208 829 2276 junxisse
839 2220 890 2261 tres
899 2208 1097 2278 iambographos
1106 2208 1222 2262 eosdem·

156 2287 254 2352 cintus,
268 2288 373 2356 Parerg.
386 2286 429 2341 lib.
445 2287 488 2353 V,
499 2306 555 2357 cap.
573 2287 619 2352 rt,
637 2295 662 2338 et
712 2306 762 2355 que
777 2287 930 2341 maledicos:
945 2287 1145 2351 Archilochum,
1156 2286 1220 2356 Hip·

157 2366 276 2419 ‘l'urneh
289 2365 397 2418 Advers.
414 2365 457 2419 lib.
472 2368 530 2433 ΙΧ,
549 2382 602 2435 cap.
616 2371 662 2430 25,
712 2377 853 2433 ponactem
863 2376 890 2418 et
901 2364 1089 2419 Stesichorum.
1101 2364 1204 2418 Sancr.

157 2442 270 2496 Atheni'n
282 2440 423 2510 legendum
434 2441 572 2505 adserunt,
592 2440 664 2494 etde
747 2446 802 2514 Sag
817 2445 898 2513 thue
910 2442 1109 2509 Agamemnonio
1123 2446 1222 2495 winus.

159 2519 324 2589 Hipponacte
337 2519 554 2591 intelligendum:
564 2518 665 2572 «Vide
715 2519 840 2586 Orestes,
856 2520 951 2587 utiam
965 2518 1088 2573 omnibus
1105 2531 1221 2587 constat,

158 2608 202 2651 tur
213 2599 303 2665 enim,
319 2603 371 2660 ait,
394 2598 426 2653 de
441 2600 606 2669 Hipponacte
622 2596 666 2649 in·
713 2599 850 2653 interfecta
862 2608 960 2663 matre,
978 2598 1068 2667 lurore
1085 2608 1221 2667 correptus

159 2677 257 2748 telligi,
280 2677 324 2747 qui
344 2677 504 2732 claudicante
525 2688 553 2730 et
572 2695 665 2746 parum
712 2676 779 2739 tuin
792 2677 854 2730 inde
870 2675 1099 2744 liberatus,quum
1109 2694 1156 2745 per
1167 2676 1223 2747 syl-

158 2754 241 2810 stabili
254 2774 328 2809 versu
343 2795 351 2821 ,
373 2755 400 2808 id
416 2766 476 2821 est,
497 2756 623 2809 Scawnte
637 2756 665 2808 in
715 2775 772 2809 vam
785 2757 850 2821 iret,
863 2774 876 2807 a
888 2765 1009 2823 serpente
1023 2754 1120 2808 occisus
1133 2764 1179 2807 est.
1190 2754 1220 2808 Z.

158 2835 289 2904 Bupalum
310 2846 337 2889 et
355 2835 473 2889 Athenin
492 2835 609 2888 invectus
626 2844 666 2888 est
714 2838 843 2888 -Oresttl
860 2835 953 2885 Oreste
971 2851 1031 2885 cum
1049 2852 1104 2885 uno
1123 2830 1220 2885 Medic„

160 2913 353 2967 Athenienses:
368 2932 420 2981 quo
436 2915 463 2966 in
482 2913 615 2978 camnine,
630 2932 665 2966 ne
714 2915 765 2968 dixi
779 2913 860 2982 Epist.
874 2913 960 2976 Vlll,
973 2931 1008 2962 vs.
1019 2932 1043 2982 9.

161 2991 272 3045 Athenis
284 2990 391 3060 quidem
409 3001 576 3061 pepercerat,
591 3003 638 3047 etc.
652 3013 666 3038 a
748 2995 803 3047 531.
816 2994 856 3045 Sit
868 2997 921 3048 tae'bi.
939 2991 1062 3060 Eupolis,
1076 2991 1170 3044 veteris
1180 3009 1220 3043 co·

160 3071 299 3124 saevior«.
714 3066 1221 3139 moedieseriptorapudGraecos,ducta

194 3153 250 3221 ⁵²7·
271 3152 353 3219 thue
363 3155 424 3223 lyra·
436 3162 515 3206 vates.
534 3150 664 3214 Alcaeum,
714 3167 794 3202 uxore
805 3145 943 3217 Glycerio,
958 3145 1041 3216 prima
1058 3154 1134 3198 nocte
1148 3164 1222 3197 mor-

159 3238 264 3297 poetam
275 3228 386 3301 lyricum
397 3229 527 3297 intelligo,
538 3229 582 3297 qui
593 3248 668 3281 mor·
715 3235 775 3278 tuus
785 3225 907 3277 inventus
917 3233 954 3275 est
963 3239 1015 3273 una
1025 3239 1085 3274 cum
1096 3221 1188 3291 puella.

160 3304 300 3361 dacissimis
320 3307 434 3360 versibus
448 3306 578 3360 Pittacum
599 3326 666 3376 proe-
751 3300 1220 3368 533.Periisse.Cecriiisseexscriptis;

159 3387 251 3455 cipue,
271 3385 430 3458 Myrsilum,
451 3384 667 3458 Megalagyrum,
716 3387 1041 3450 nampemi'tprtecesserat.
1052 3379 1150 3431 Hans.

162 3460 357 3527 Cleanactidas,
372 3461 485 3530 aliosque
498 3461 666 3535 tyrannidem
750 3463 983 3532 534.Lycophroma.
992 3457 1169 3525 Hicquumde
1178 3477 1222 3510 an·

160 3541 187 3594 in
200 3541 283 3610 patria
292 3551 455 3605 exercentes,
466 3541 606 3595 insectatus
615 3551 666 3606 est,
716 3541 851 3609 tiquorum
863 3548 998 3610 poetarum
1008 3536 1153 3607 principatu
1164 3556 1223 3589 cer·

161 3628 226 3674 teste
238 3618 378 3682 Strabone,
388 3616 430 3671 lib.
442 3619 527 3684 Xlll,
541 3637 597 3687 pag.
605 3620 668 3685 424,
717 3629 799 3683 taret,
811 3619 902 3687 sagitta
910 3618 942 3670 ab
954 3615 1101 3669 adversario
1110 3615 1174 3669 ictus
1181 3635 1222 3669 oc-

162 3696 223 3749 edit.
233 3694 344 3749 Casaub.
355 3696 450 3747 Horat.
458 3696 500 3749 lib.
508 3697 558 3761 IV,
567 3694 668 3760 Od.1x,
717 3696 794 3761 cidit,
808 3707 838 3748 ut
849 3695 890 3750 bic
902 3695 938 3747 ait
949 3693 1029 3748 Ovid.

161 3794 226 3828 vers.
239 3793 260 3843 7.
273 3774 326 3826 Per
335 3778 419 3825 lesam
431 3778 557 3838 dextram,
572 3772 669 3836 tidem,
751 3775 806 3828 535.
824 3776 880 3826 Aut
894 3778 968 3825 lacer.
989 3771 1135 3837 Pentheus,
1148 3791 1162 3824 a
1173 3771 1221 3824 lu-

160 3872 238 3921 quam
258 3852 360 3907 Pittaco
380 3853 553 3906 verisimiliter
568 3853 668 3909 Aucus
718 3863 794 3906 rente
812 3863 895 3905 matre
916 3852 1073 3920 discerptus,
1095 3868 1221 3904 nomena

163 3932 358 3998 obstrinxerat,
384 3930 505 3986 violatam
530 3929 668 3998 intelligo;
718 3930 789 3984 luctu
800 3940 838 3983 est
849 3930 960 3983 sortitus.
972 3929 1047 3983 Dum.

162 4029 224 4063 nam
236 4013 263 4064 in
275 4011 326 4065 lide
339 4009 539 4080 adstringenda,
553 4008 670 4061 dexteras
752 4008 807 4061 536.
819 4008 968 4075 Aroangue.
978 4007 1111 4060 Cadmum
1120 4002 1182 4055 dicit
1192 4002 1218 4055 in

162 4088 271 4157 jungere
283 4090 408 4144 solebant.
419 4089 538 4146 Sauras.
550 4113 581 4127 -
593 4087 673 4153 thue
719 4104 830 4155 anguem
844 4104 954 4141 versum.
967 4087 1033 4138 Zan.
