2768 4694
483 364 583 432 PER
606 367 639 431 J.
663 364 893 433 MASSON.
1157 370 1217 433 155

158 541 175 572 ‚›
196 505 350 601 triginta,
363 521 403 576 se
421 521 454 576 et
473 501 594 577 Genio
621 503 776 578 Cirrnro
803 522 894 579 coss.
922 503 1074 580 dedicato
1099 505 1220 579 Martis

158 656 176 689 »
198 619 338 722 templo,
361 618 492 703 animos
510 617 690 720 oculosque
713 620 830 721 populi
855 621 1000 696 Romani
1022 618 1221 721 repleverat,

160 774 177 809 υ
195 740 280 816 sada
302 739 393 813 dictu
407 737 629 837 memoriaque
651 736 815 812 horrende
841 738 876 811 in
898 738 1003 839 ipsius
1027 738 1222 835 (Augusti)

158 894 174 925 »
195 860 294 934 domo
317 873 499 958 tempestas
525 855 652 956 erupit,
671 872 733 928 ete.
750 889 768 920 »
798 854 932 930 Scilicet
946 856 976 930 si
996 857 1119 956 tagrida
1135 875 1223 930 retro

154 1000 305 1048 numeres
323 999 431 1064 annes
445 969 489 1044 ab
505 969 641 1042 exordio
659 967 851 1043 consulatus
876 969 997 1043 Vinicii
1005 1028 1015 1054 ,
1036 971 1090 1044 cui
1114 968 1231 1069 libros¹

153 1088 305 1162 inscribit
318 1115 400 1161 snos
414 1083 580 1172 Velleius,
598 1084 633 1156 id
644 1102 715 1171 est,
732 1083 775 1157 ab
786 1113 873 1158 anno
888 1088 930 1157 U.
947 1087 985 1159 C.
1001 1101 1222 1172 Decuxxtlt,

154 1220 276 1303 sponte
287 1203 325 1275 in
341 1229 463 1275 annum
479 1203 520 1274 U.
538 1200 578 1272 C.
600 1216 735 1286 noem,
753 1199 897 1274 incidere
914 1230 951 1275 ea
967 1200 1153 1302 spectacula
1175 1202 1223 1273 vi-

158 1319 266 1394 debis.
282 1319 361 1392 Hoc
376 1335 480 1393 autern
496 1345 583 1393 anno
600 1314 808 1401 consulatum
823 1336 912 1406 xul,
927 1346 966 1392 ne
979 1318 1134 1393 ultimum
1149 1322 1223 1393 Au-

159 1450 280 1530 gustus
296 1432 413 1528 gessit,
430 1432 555 1509 ἃῖνωιο
583 1433 716 1534 quidem
740 1462 800 1535 per
827 1434 973 1535 priorem
996 1434 1076 1508 anni
1096 1453 1224 1535 partem

160 1546 309 1644 collega,
325 1567 359 1624 at
373 1566 448 1652 post
460 1577 533 1625 enm
556 1549 653 1624 Gallo
671 1548 821 1637 Caninio,
847 1551 904 1652 qni
922 1551 1081 1627 suffectus
1098 1551 1224 1625 Silrm

156 1665 227 1738 suit.
248 1664 375 1740 Deinde
397 1664 565 1752 Caniniis,
586 1668 740 1762 Augusto
761 1677 832 1741 Sese
852 1667 1042 1756 abdicante,
1060 1667 1221 1764 collegam

161 1777 202 1878 Q.
228 1779 407 1853 Fabriciitm
430 1779 570 1866 habuit,
589 1780 639 1853 uti
665 1778 715 1853 vel
740 1808 778 1853 ex
802 1781 982 1882 Ancyrano
1003 1799 1219 1855 monumento

158 1913 308 1984 eonstat;
327 1899 386 1970 ubi
403 1899 519 1987 etiam,
538 1899 567 1973 ei
590 1896 844 1973 Donassent
862 1900 999 1973 schedas
1024 1929 1042 1972 a
1068 1897 1118 1972 Cl.
1144 1898 1219 1972 Jac.

162 2016 311 2089 Gronorrii
320 2017 423 2090 editas
440 2027 464 2102 ¹,
479 2045 674 2119 sequemur,
688 2015 886 2092 immeditate
899 2017 1127 2118 precedebant
1139 2046 1220 2090 con-

159 2129 243 2206 sules
259 2133 339 2204 anni
355 2135 396 2205 U.
413 2133 452 2206 C.
471 2151 591 2220 καί,
612 2162 714 2236 quum
739 2132 785 2206 ibi
807 2152 886 2234 post
904 2163 987 2209 coss.
1013 2136 1090 2208 anni
1111 2151 1219 2221 ltch,

158 2245 302 2344 legatur:
320 2267 362 2320 nr
379 2251 460 2319 tt...
479 2250 529 2320 M.
547 2251 711 2323 Missinr
730 2259 743 2286 ²
762 2267 1002 2336 consuimus,
1029 2270 1072 2323 nr
1095 2254 1134 2325 L.
1155 2253 1221 2324 Cr-

158 2380 256 2435 intro
274 2381 319 2434 rr
336 2364 382 2457 Q.
408 2362 581 2434 Frnnrrro
602 2379 831 2436 corsnrrnns.
857 2365 896 2434 tn
913 2362 1090 2464 exemplari
1112 2380 1221 2438 autem

160 2476 253 2549 Ponti
271 2477 372 2550 Luca
388 2475 532 2571 legitur:
621 2480 802 2551 Messenii
817 2535 824 2549 .
839 2534 846 2548 .
860 2534 868 2550 .
883 2497 1100 2553 corsvtrnvs
1117 2499 1160 2551 nr
1181 2482 1220 2552 L.

163 2590 657 2687 CrnrnronrQ.Frnrt1010...
678 2593 773 2668 Unde
790 2593 908 2680 simul,
931 2623 1000 2666 non
1019 2621 1114 2666 secus
1131 2621 1166 2665 ac
1183 2621 1222 2667 ex

161 2709 310 2797 Velleio,
327 2708 452 2809 liquet,
473 2707 635 2784 Certim
662 2711 726 2784 hoc
745 2739 853 2797 anno,
880 2711 915 2782 in
943 2738 1012 2810 quo
1038 2735 1221 2793 versamur,

163 2827 205 2899 U.
224 2826 263 2899 C.
286 2841 415 2912 ltccttt,
431 2825 602 2899 consulem
621 2825 740 2913 luisse,
761 2854 797 2898 ac
817 2824 958 2926 proinde
982 2842 1051 2898 tum
1068 2824 1222 2926 predicta

161 2939 343 3043 spectacula
356 2967 468 3043 reapse
486 2940 585 3014 edite.

204 3068 249 3139 Il.
270 3064 456 3138 Obscurior
471 3092 541 3138 non
559 3062 622 3136 erit
635 3062 711 3134 anni
728 3080 924 3164 tempestas,
943 3065 1083 3166 qnahaee
1096 3085 1222 3166 specta—

161 3183 229 3258 cula
248 3183 385 3258 fuerunt
396 3181 564 3267 exhibita,
579 3178 607 3253 si
624 3177 668 3250 V
660 3180 778 3253 elleinm
792 3209 866 3255 cnm
878 3183 1131 3258 Nasnncnostro
1145 3213 1222 3258 eon·

160 3300 305 3376 lerarnus.
320 3296 454 3374 Etenim
465 3298 502 3370 in
514 3296 630 3370 Martis
644 3294 758 3396 templi
772 3296 977 3372 dedicatione
990 3300 1222 3375 Naumachiam

187 3502 197 3532 ¹
213 3499 331 3553 Memor.
345 3494 455 3551 conon.
467 3515 492 3565 p.
502 3495 542 3548 62.

191 3590 205 3620 ²
220 3586 291 3643 Corn.
302 3587 367 3641 anni
377 3586 412 3642 U.
429 3587 462 3642 C.
473 3601 553 3642 nccn
568 3586 647 3657 vulgo
659 3585 783 3642 dicuntur
792 3588 824 3641 l.
838 3590 909 3642 Corn.
920 3590 1042 3643 lentulus
1053 3601 1079 3642 et
1090 3590 1127 3641 Μ.
1148 3588 1223 3640 Vale·

165 3673 214 3722 n'ns
227 3672 398 3741 Uestalium
414 3671 488 3744 quod
498 3672 657 3726 confirmant
669 3671 795 3743 anonyrni
808 3670 877 3726 rasni
890 3690 905 3724 a
920 3671 1024 3727 Neritio
1037 3671 1117 3733 editi,
1132 3668 1226 3737 quibus

164 3749 256 3823 legitur
271 3775 279 3808 ι
296 3757 437 3811 hattho!
450 3758 598 3809 Messalino.
618 3755 668 3808 His
681 3754 701 3808 ti
713 3755 799 3825 potine
807 3754 872 3809 fidet
883 3755 1050 3823 adhibeatur,
1063 3753 1225 3823 corrigenda

164 3844 227 3889 snut
237 3835 339 3890 uctred·
350 3834 529 3900 (imminuet
541 3837 602 3892 alins
611 3837 677 3893 exiis
685 3837 803 3911 vulgares
815 3839 885 3895 rasti
894 3852 972 3894 erunt
984 3836 1150 3894 emendandi.
1162 3837 1226 3907 Quo

163 3920 190 3972 in
201 3916 285 3972 dubio
294 3915 362 3971 nihil
370 3922 497 3990 minut
505 3918 620 3974 Reinenii
631 3921 713 3975 lnser.
725 3939 807 3989 xxix,
825 3920 895 3977 Clas.
910 3924 942 3976 V.
956 3923 985 3974 L.
1002 3921 1088 3971 Lm.
1101 3919 1141 3971 M.
1153 3920 1225 3976 Mus.

161 4015 218 4055 cos.
232 3997 268 4051 Κ.
278 3998 347 4053 Juu.
363 3995 455 4054 Metu·
467 4000 499 4054 P.
510 4000 586 4072 lance
601 4001 733 4071 exemplar
742 4002 887 4060 Marum
900 4042 908 4070 ,
929 3999 1067 4055 manifeste
1083 4018 1131 4068 pro
1142 3999 1226 4057 Μιε-

160 4099 267 4139 δΑῑῙΠο.
