2768 4694
391 353 461 423 DE
483 354 524 420 P.
551 352 745 423 OVIDIO
767 352 988 422 Nesouu.
1159 357 1222 426 3⁸1

154 519 229 564 rem
238 517 410 562 auamcsse
421 491 556 574 vident,
569 492 726 585 allegent,
743 519 802 562 cur
812 518 881 562 non
890 507 925 562 et
934 496 1227 566 homuntionem

156 600 356 671 habeamus?
372 603 418 669 lis
433 625 508 694 quae
521 599 700 668 Goldastus
711 604 839 679 omisit,
855 600 962 669 Aldus
974 615 1085 670 autem
1096 606 1133 670 in
1146 606 1230 674 Ovi·

158 708 207 777 dii
225 709 294 777 ,vita
317 708 488 783 meminit,
518 733 536 772 a
557 706 787 774 claustralibus
810 711 933 801 mopsis
954 708 1228 802 Ovidiostnpide

158 817 337 900 attributa,
354 814 498 907 adjungo
511 815 593 882 olim
610 842 629 881 a
641 840 695 881 me
711 814 851 883 collecta
869 820 1014 885 carmina
1033 816 1077 885 de
1091 832 1227 903 ventre,

159 924 199 993 de
212 925 321 993 tribus
333 912 456 1018 {suellis
469 936 534 990 etc.
549 950 565 987 s
584 924 643 990 Est
657 925 743 991 mihi
763 926 833 992 haec
845 926 1005 994 scribenti
1026 929 1063 993 in
1078 927 1230 994 manibus

157 1033 258 1102 editio
285 1047 381 1103 vetus
401 1037 473 1101 siue
493 1030 559 1099 loci
581 1044 616 1098 et
639 1033 717 1099 anni
741 1045 820 1100 note
845 1032 946 1118 in·4’.
971 1033 1030 1101 ubi
1055 1036 1229 1129 Pamphilo

156 1146 376 1235 premittitur
388 1139 647 1209 Pseudo-Ovidii
659 1140 742 1210 liber
755 1148 852 1210 tn‘um
859 1143 1043 1236 puellarum
1048 1194 1058 1225 ,
1074 1146 1145 1210 sive
1157 1142 1229 1212 ele·

158 1249 262 1343 giacle
272 1252 382 1319 tribus
393 1250 515 1345 puellis
525 1262 623 1318 cantu
632 1254 720 1318 inter
730 1278 764 1319 se
778 1252 981 1320 certantibus
993 1253 1104 1336 judice
1115 1264 1226 1346 poeta,

161 1360 222 1451 qui
240 1363 389 1442 tertiam,
412 1360 501 1425 Iovis
514 1382 639 1426 amores
654 1374 841 1444 canentem,
860 1365 986 1429 caeteris
1002 1360 1128 1429 duabus
1140 1386 1227 1453 prae·

161 1468 246 1552 sert,
264 1468 397 1560 sibique
411 1466 561 1559 adjungit
575 1495 583 1534 :
602 1481 635 1535 et
649 1469 730 1537 liber
745 1472 787 1539 de
800 1477 916 1539 nuntio
931 1478 1062 1564 sagaci,
1081 1470 1229 1539 versibus

161 1575 359 1642 hexametris
374 1575 634 1645 homoeoteleutis
650 1580 718 1643 sive
733 1577 892 1660 leoninis,
909 1591 943 1645 et
959 1579 1002 1646 de
1014 1579 1131 1672 pulice.
1147 1578 1231 1646 Ele·

159 1685 224 1774 giae
236 1681 280 1749 de
293 1683 401 1750 tribus
410 1683 530 1778 puellis
546 1684 609 1750 hoc
622 1697 672 1750 est
684 1686 820 1751 initium
835 1711 843 1750 s

325 1874 400 1930 llam
412 1875 481 1931 suste
492 1875 564 1929 viam
576 1873 710 1945 quendam
721 1873 795 1928 nullo
806 1874 967 1945 comitante,

358 1965 437 2022 Solus
448 1985 525 2022 amor
537 1983 658 2033 mecum,
671 1965 716 2036 qui
727 1965 794 2019 solet
805 1984 879 2032 esse,
890 1964 947 2018 snit.

323 2055 452 2131 Dumque
468 2077 544 2113 meos
557 2056 739 2125 venustatis,
750 2056 919 2127 meditcrque
932 2057 1058 2127 puellam,

360 2146 412 2203 Cui
423 2150 523 2220 possim
534 2169 623 2205 versus
635 2148 743 2204 mittere
757 2167 822 2218 quos
834 2148 918 2203 facio:

325 2240 392 2295 Ecce
403 2241 497 2313 procul
505 2243 582 2298 video
595 2243 668 2313 qussi
681 2252 736 2298 tres
748 2239 879 2314 nympha
889 2241 1041 2299 venientes:

361 2329 492 2399 Equibus
503 2342 532 2386 ut
544 2331 657 2385 memini
667 2331 771 2401 longios
783 2349 836 2383 uns
846 2329 904 2384 suis.

331 2418 396 2474 Hoc
407 2417 528 2474 medium
540 2421 632 2475 sortita
643 2419 746 2490 bam,
759 2421 898 2484 cumben
916 2432 944 2475 et
955 2442 1047 2478 ornnes

361 2507 514 2585 Currebaut
527 2511 641 2582 pariter,
651 2513 697 2567 sed
710 2523 799 2566 tamen
812 2509 855 2565 ills
865 2510 955 2582 magis.

331 2597 385 2653 sed
396 2599 418 2654 si
429 2600 501 2654 sorte
512 2620 595 2656 manu
606 2603 721 2671 jaculum
733 2601 867 2657 sumsisset
878 2609 906 2655 et
918 2620 1030 2668 mcum,

365 2691 411 2747 llls
422 2691 491 2745 mihi
502 2703 574 2748 certe
585 2694 638 2748 visa
649 2694 736 2750 mana
748 2695 806 2749 tuis.

332 2782 376 2840 Sic
384 2785 486 2840 etenim
496 2787 563 2841 solet
572 2786 616 2840 ills
627 2785 696 2840 sens
705 2787 801 2858 agitare
812 2805 861 2857 pes·
872 2785 935 2840 sltss

364 2875 461 2945 Silvas,
478 2895 590 2947 eamque
607 2876 661 2932 suis
671 2897 777 2934 currere
788 2877 940 2948 virginibus

333 2966 410 3024 'l'unc
423 2986 474 3040 ego
484 2987 560 3024 nosse
570 2968 661 3023 volens
671 2967 770 3023 lmus
779 2979 807 3024 et
818 2986 918 3022 nomen
931 2985 1024 3022 essum

364 3058 453 3128 lneepi
465 3057 553 3113 subito
565 3077 671 3114 currens
685 3069 744 3130 post
756 3057 835 3127 solo,
847 3069 897 3114 etc.

167 3229 270 3298 Liber
283 3227 325 3297 de
341 3231 460 3298 nuntio
475 3227 599 3320 sagaci,
617 3230 653 3295 in
668 3249 734 3321 quo
748 3225 953 3319 colloquium
966 3239 1016 3294 est
1027 3227 1146 3321 puelle
1160 3254 1235 3299 cum

170 3341 303 3417 nuntio,
323 3342 381 3434 qui
396 3337 484 3405 dona
499 3347 628 3430 apoeta
643 3338 704 3429 ipsi
720 3333 835 3417 affert,
856 3337 902 3403 its
917 3333 1048 3404 orditus
1064 3365 1072 3407 ε

330 3524 438 3581 Summi
451 3519 960 3592 victcsiss'sesemqsumvictossmosis

333 3612 901 3687 spensammisfinemposnissetuturts,

332 3702 1074 3776 Rursussslarmavoestmeffluuriteteccecupido,

208 3813 214 3827 ·
337 3795 405 3865 Dic,
418 3798 591 3868 menende
605 3798 680 3851 venis
691 3790 1113 3866 ptansrissicundiqueptenist

338 3886 424 3957 Cujus
435 3900 516 3945 eastra
526 3890 609 3961 petis,
623 3888 666 3942 vel
676 3887 751 3958 enjus
761 3886 871 3943 vulnera
880 3884 992 3943 tendis?

336 3976 864 4049 ttincpraenttineabm,qaianeenm
877 3979 950 4034 nulls
960 3971 1077 4043 videbis,

339 4070 393 4127 Tot
404 4069 451 4124 tilsi
462 4069 660 4142 aestuantes,
673 4081 701 4128 et
709 4079 751 4127 tot
760 4069 809 4128 tilsi
818 4081 881 4128 suut
889 4063 1058 4143 Ganymedes
1068 4103 1077 4136 ,
1088 4073 1138 4122 etc
