2768 4694
156 364 219 407 ura
482 343 522 406 Ρ.
548 339 729 407 OVIDII
753 339 889 406 VITA.

321 478 439 548 Tempus
450 477 482 531 ad
497 475 562 542 boc,
576 477 662 531 lustris
673 477 775 544 iambis
787 477 852 530 mibi
864 478 979 547 quinque
993 454 1122 549 peractis,

352 567 443 622 Omne
456 567 504 621 tuit
517 569 602 622 Musae
612 587 719 621 carmen
732 569 833 622 inerme
846 580 988 635 memte·
1102 651 1103 655 Ἰ

155 687 278 788 quibus
292 702 420 759 etatem
446 685 619 783 designat,
638 713 701 786 qua
725 685 789 758 suit
804 683 839 756 in
859 683 1009 759 exsilium
1024 686 1172 778 missus,
1191 709 1226 765 ut

154 802 197 876 ad
212 801 418 902 superiorem
430 828 554 874 anuum
571 801 792 901 exposuimus.

204 918 261 989 vt.
283 918 400 1013 Quum
416 915 481 989 boc
503 945 592 990 anuo
608 917 762 990 Tiberius
778 915 874 988 edem
897 914 1079 990 Concordioe
1094 919 1225 995 dedica-

154 1035 256 1121 verit,
277 1034 420 1133 inscripto
438 1063 492 1107 sno
507 1033 653 1133 etfrntn's
670 1034 776 1108 Drusi
783 1093 791 1117 ,
814 1034 881 1107 vitu
891 1033 1012 1133 pridem
1016 1034 1129 1130 structi
1134 1097 1144 1122 ,
1170 1069 1225 1113 no·

155 1152 251 1238 mine,
269 1153 362 1250 juxta
378 1151 498 1225 Diouis
518 1161 526 1191 ¹
546 1150 791 1236 testimonium
810 1169 910 1252 atque
925 1151 1067 1225 Ovidius
1084 1153 1226 1251 ejusdem
1286 1184 1288 1188 ·

155 1262 251 1349 oedb,
268 1292 329 1338 ceu
337 1264 404 1361 jam
413 1281 628 1349 consecrate,
641 1264 826 1337 meminerit
837 1265 879 1336 ad
892 1282 954 1337 xvt
963 1266 1114 1340 Jannarii
1123 1268 1227 1359 diem,

155 1381 249 1455 Fast.
270 1379 330 1452 lib.
352 1381 387 1466 l,
408 1407 490 1453 vers.
510 1377 695 1477 637-650;
714 1380 791 1452 binc
811 1381 930 1453 itemm
952 1379 1056 1481 liquet
1071 1408 1169 1457 error
1188 1385 1227 1460 cl.

155 1495 332 1582 Bucherii,
358 1494 575 1569 existimaritis
590 1493 706 1567 Festos
729 1522 816 1567 auno
842 1498 884 1568 U.
912 1497 1098 1571 C.1)cct1x
1119 1499 1230 1576 editos

158 1612 271 1684 luisse.
1111 1644 1114 1649 ⁴

203 1730 275 1801 Hac
292 1728 463 1800 occasione
481 1727 557 1800 data
578 1754 816 1828 supervacuum
831 1756 900 1800 non
918 1727 994 1815 erit,
1013 1729 1163 1803 Suetonii
1176 1731 1230 1806 lo-

159 1872 234 1917 cum
262 1842 303 1915 de
329 1842 424 1917 istius
443 1842 557 1942 templi
576 1840 779 1917 dedicatione
806 1861 953 1938 agentern
981 1842 1164 1933 elucidare,
1184 1849 1228 1922 si·

158 1957 292 2059 quidem
311 1956 510 2032 doctissimis
530 1958 608 2032 viris
625 1987 736 2035 ansam
759 1958 888 2032 errandi
910 1959 1062 2060 praebuit.
1095 1960 1228 2038 Scilicet

155 2071 338 2146 historicus
354 2070 409 2146 ille
426 2101 529 2172 quum
547 2093 711 2149 narrasset
731 2084 760 2161 ²,
779 2073 950 2172 Tiberium
970 2105 991 2147 a
1012 2077 1228 2152 Gemoniis&

156 2191 261 2265 urbem
269 2206 344 2290 post
354 2189 504 2263 belnaium
520 2218 705 2290 regressum,
725 2190 930 2289 triumphum,
951 2221 1036 2294 quem
1048 2192 1222 2280 distulerat,

157 2308 267 2406 egestu
285 2304 377 2379 addit
394 2306 554 2392 interea,
570 2334 642 2406 quae
657 2304 813 2378 Tiberius
830 2322 908 2404 post
925 2305 1112 2404 perfecerit,
1128 2326 1161 2382 et
1174 2309 1229 2383 de-

157 2420 356 2495 dicationem
375 2417 558 2494 Conconlioe
582 2420 676 2505 adis,
705 2421 782 2492 item
796 2420 935 2494 Pollucis
955 2436 984 2493 ct
1001 2419 1164 2511 Castoris,
1196 2443 1228 2499 et

158 2535 291 2637 quidem
311 2535 350 2608 de
370 2536 529 2609 tnauubt't's.
558 2534 653 2606 Unde
670 2554 863 2636 sequeretur
879 2565 941 2635 pro
958 2537 1110 2609 Suetonii
1127 2540 1228 2614 ratio-

157 2652 278 2740 nibus,
296 2671 469 2751 utramque
494 2647 590 2721 oedem
610 2677 696 2722 anno
719 2651 912 2726 citissimum
933 2655 973 2724 U.
996 2653 1034 2725 C.
1063 2672 1225 2743 neem,

159 2793 226 2865 quo
243 2768 431 2867 triumphus
448 2763 505 2837 ille
522 2763 664 2853 ductus,
681 2765 862 2840 dedicatam
889 2767 999 2840 luisse.
1029 2770 1123 2843 idern
1144 2772 1228 2847 sorte

161 2883 236 2980 quis
250 2901 383 2979 putaret
398 2911 438 2956 eu
448 2883 571 2954 Nostro
586 2881 782 2969 confirmari,
792 2912 893 2982 quum
908 2884 1037 2956 recitata
1056 2916 1152 2962 causa
1170 2918 1228 2962 cur

159 2996 305 3095 primum
318 3023 337 3068 a
353 2996 454 3069 Furio
469 3014 583 3069 votum
596 2996 696 3070 luerit
710 2994 889 3069 Concordzit
904 2996 1071 3098 templum,
1083 3030 1160 3074 mox
1170 3032 1230 3076 ex-

160 3137 289 3209 ponens
311 3111 525 3209 quamobrem
551 3111 669 3184 iterum
687 3140 705 3184 a
722 3111 857 3184 Tiberio
885 3113 928 3184 sit
953 3113 1037 3188 aedes
1051 3115 1128 3189 buic
1146 3117 1226 3190 Deae

162 3243 369 3313 consecrata,
387 3227 436 3299 sic
452 3243 566 3313 canat,
584 3254 666 3300 vers.
687 3225 870 3317 645-650:

324 3370 411 3424 Causa
422 3389 508 3424 recens
520 3371 613 3425 melior
625 3391 632 3424 t
642 3391 728 3441 passos
741 3375 879 3425 Germania
892 3373 976 3426 crines

358 3454 472 3520 Porrigit
483 3456 618 3522 auspiciis,
632 3455 683 3507 dur
695 3457 861 3521 venerande,
875 3457 932 3509 tuis.

324 3538 391 3592 lude
403 3541 559 3604 triumphale
569 3538 652 3593 libasti
661 3558 762 3593 numa
769 3548 870 3606 {entim

361 3622 627 3688 Templaquesecr'str‘,
640 3640 719 3691 quam
728 3621 791 3675 colis
803 3623 874 3690 ipse,
888 3623 960 3678 Deae.

276 3708 278 3712 '
321 3703 386 3757 Hire
399 3715 442 3757 tua
454 3703 588 3757 constituit
598 3711 712 3771 penetres
724 3702 735 3734 ³
746 3715 772 3757 et
788 3708 864 3759 rebus
875 3718 901 3759 et
914 3728 976 3773 ara,

356 3787 418 3842 Sola
431 3800 488 3841 toro
501 3789 589 3857 magni
601 3787 682 3857 digna
691 3797 794 3857 reperta
806 3789 888 3841 Jovis.

192 3910 200 3939 ¹
218 3905 275 3959 Lib.
286 3903 366 3971 tvl,
386 3922 443 3974 pag.
458 3903 514 3955 586.

191 3999 204 4029 ²
221 3996 331 4049 Suetou.
343 3996 370 4049 iu
382 3994 442 4049 Tib.
452 4011 507 4061 cap.
519 4011 560 4045 ao.

178 4083 202 4116 ·³
217 4085 290 4140 Livia
302 4106 398 4159 nempe
410 4087 530 4154 Augusto
539 4094 637 4154 nupta,
650 4084 801 4154 Tiberiique
813 4097 914 4155 mater,
927 4088 960 4143 de
970 4109 1020 4157 qua
1033 4091 1140 4160 Noster,
1149 4094 1226 4148 Trist.
