2768 4694
172 351 232 429 ως
276 310 369 401 ,;··
492 337 529 399 n.
563 330 741 402 ovrnu
769 331 903 398 vrrs

114 464 123 473 ”
148 461 286 580 7ιιηιῘοιὺ
295 474 413 576 gradus
421 475 579 576 juvenem,
597 473 663 546 boo
679 489 728 547 est
738 465 990 572 procul-dubio,
1005 469 1164 543 senatorii
1178 498 1232 545 or·

166 592 269 678 dinis;
285 617 427 692 eumque
438 589 552 691 prodit
563 617 582 662 a
595 587 788 662 Domitiano
804 586 950 660 orbitmm
963 611 1095 658 onoma
1106 584 1229 674 Mum,

166 735 202 782 ao
223 705 355 779 omnum
374 703 495 778 vetrum
518 702 697 776 stationibus
715 700 926 802 praefectum,
951 726 1054 800 quum
1080 700 1177 800 prins
1200 701 1234 776 in

165 823 240 897 soro
265 838 307 897 et.
327 821 416 921 apnd
435 819 661 894 centumviros
694 844 808 892 causas
830 817 951 917 Jboeut's
975 816 1123 892 dixisset.
1151 818 1235 916 Qua

167 968 270 1040 quum
281 937 407 1012 Statius
421 936 535 1012 adulto
544 937 610 1037 jam
622 934 806 1010 Domitiani
816 933 957 1036 imperio
965 933 1143 1021 scriberet,
1158 934 1236 1007 binc

167 1073 274 1157 patet,
288 1055 420 1129 :huncce
445 1053 582 1128 Plotium
609 1053 762 1152 Gn’ppum
783 1051 874 1125 baud
891 1052 1041 1125 eumdem
1064 1080 1136 1126 esse
1161 1081 1236 1126 cum

167 1170 227 1245 illo
243 1171 306 1244 sub
319 1168 514 1270 Vespasiani
527 1168 733 1268 principatus
746 1167 876 1241 initium
883 1182 1023 1265 pratum
1034 1165 1151 1249 functo
1164 1196 1174 1254 ;
1187 1168 1237 1241 nti

168 1286 253 1361 male
278 1284 450 1359 Gerartins
472 1294 479 1323 ¹
502 1283 711 1383 opinabatur.
740 1287 792 1356 Ex
808 1284 861 1357 his
879 1311 956 1357 vero
977 1282 1131 1359 fontibus
1152 1282 1236 1360 forte

167 1401 331 1502 processit
345 1397 442 1471 fictus
458 1395 514 1470 itte
531 1396 675 1471 Nasonis
693 1396 799 1469 nostri
815 1396 982 1492 magister.

571 1566 836 1588 m

295 1705 377 1759 Anno
390 1714 451 1759 ante
465 1702 497 1758 C.
510 1702 853 1768 xxv1u;tJ.c.nccxxv1;
866 1701 957 1758 Ovidii
967 1721 1003 1759 xv
1015 1715 1043 1758 et
1056 1721 1112 1759 xvr.

227 1846 260 1902 c.
279 1845 440 1903 casaur
456 1845 686 1903 ocravrauo
704 1810 761 1915 vi,
779 1847 819 1901 iu.
837 1840 1004 1902 nonnos
1020 1846 1049 1901 11
1067 1843 1172 1902 coss.

219 2003 247 2075 l.
276 1999 362 2073 Cum
379 2011 500 2069 nostro·
515 1993 557 2065 ad
573 2007 674 2092 togam
690 1992 762 2090 ojus
778 1991 898 2064 niniam
923 2000 952 2078 ²,
972 2017 1046 2092 qun
1061 2008 1096 2066 et
1112 1991 1237 2067 tt0m³

171 2143 209 2192 ac
224 2112 337 2214 pnra⁴
363 2112 553 2195 dicebatur,
572 2138 692 2203 magno
710 2108 789 2182 satis
804 2106 890 2181 saltu
904 2107 1098 2182 transimus:
1116 2109 1158 2184 de
1174 2136 1239 2211 qna

172 2231 220 2306 oio
235 2228 336 2304 Trist.
355 2226 414 2299 tib.
432 2227 491 2310 tv,
509 2224 603 2318 Eleg.
624 2244 663 2311 x,
678 2243 761 2296 vers.
779 2248 823 2321 27
842 2240 875 2296 et
893 2222 963 2294 28:

337 2374 458 2438 interea,
473 2373 550 2426 tacito
562 2390 638 2442 passu
650 2369 796 2423 labentibus
808 2371 898 2436 annis,

370 2467 484 2519 liberior
495 2465 663 2519 iconisma
675 2460 791 2530 mihique
803 2474 863 2531 toga
870 2472 917 2517 est.

174 2586 244 2684 Qui
261 2611 338 2659 vero
359 2581 504 2678 vulgaris
529 2579 629 2653 suerit
654 2576 724 2650 dies
749 2595 835 2672 toga
856 2579 933 2652 huic
956 2578 1070 2652 dandae
1095 2578 1241 2670 dicatus,

177 2703 276 2776 docet
291 2701 364 2800 ipse
379 2702 487 2783 Naso,
505 2698 634 2768 Faston
645 2693 704 2767 lib.
721 2696 788 2779 ttl,
807 2695 884 2769 dnm
898 2694 939 2769 ad
952 2699 1072 2771 tertium
1086 2717 1164 2801 post
1176 2699 1245 2773 idus

176 2817 306 2900 Martii,
325 2845 384 2891 seu
407 2842 445 2913 ¹7
464 2814 534 2913 ejus
553 2809 675 2885 mensis
692 2810 778 2885 diem
798 2810 928 2886 Boccho
945 2842 1091 2905 sacrum,
1111 2845 1148 2891 ac
1167 2815 1244 2889 tte·

176 2932 254 3006 rob'o
268 2931 345 3006 inde
361 2928 502 3014 dictum,
521 2926 590 3000 baec
607 2925 740 3026 prodit,
759 2953 876 3001 avers.
900 2953 992 3027 770:

338 3074 429 3128 Restat
441 3084 470 3126 nt
481 3071 632 3136 inventam,
645 3092 725 3141 qnare
735 3080 795 3141 [ομ
805 3073 884 3125 ntem
895 3073 969 3124 detur

371 3161 495 3219 Lucifero
504 3168 603 3230 pueris,
615 3163 726 3217 candide
736 3165 859 3225 naccae,
875 3169 929 3215 tuo.

342 3256 403 3312 Sive
416 3253 486 3326 quod
498 3256 552 3326 ipse
558 3272 623 3324 puer
631 3272 735 3325 semper
746 3254 899 3323 juvenisque
911 3252 1020 3319 videris,

374 3349 410 3402 Et
421 3346 507 3401 media
522 3359 561 3401 est
572 3356 632 3401 etas
644 3344 714 3400 inter
725 3353 867 3414 utrumque
878 3342 941 3397 tibi:

343 3439 397 3494 Seu
409 3437 469 3507 quia
481 3447 509 3491 tu
516 3449 592 3505 pater
600 3457 641 3504 es,
653 3446 739 3506 patres
750 3455 796 3489 tua
808 3436 917 3506 pignora
929 3444 1005 3488 natos

373 3530 571 3586 commendant
584 3549 653 3584 curn
665 3527 869 3596 numinibusque
884 3527 950 3582 tuis:

341 3623 415 3689 Sive,
428 3622 500 3692 quod
511 3641 539 3676 es
553 3623 641 3682 Liber,
654 3625 733 3676 ustis
744 3638 848 3689 quoqne
861 3623 940 3674 libera
953 3638 1000 3688 per
1011 3630 1038 3673 te

374 3713 495 3768 Sumitur
507 3723 534 3766 et
544 3712 603 3766 vita
613 3710 741 3765 liberioris
751 3709 802 3764 iter
813 3748 820 3774 ,
832 3720 881 3763 etc.

212 3855 220 3883 ¹
239 3851 299 3902 Not.
313 3847 343 3900 ad
357 3847 421 3901 ittud
433 3847 499 3902 Stat.
514 3845 603 3898 Carsu.
614 3864 670 3914 cap.
685 3864 721 3897 ta.

213 3936 224 3965 ²
242 3931 323 4000 Quod
336 3949 433 4000 nempe
446 3929 491 3998 qui
499 3947 558 3982 eam
569 3929 715 3984 induebant
725 3948 756 3983 ex
767 3929 873 4001 ephebis
881 3931 908 3984 ἰιι
917 3930 987 3985 viros
998 3933 1241 3988 transcriberentur.

213 4016 223 4048 ³
241 4017 313 4085 Quia
326 4028 382 4070 tum
394 4036 409 4070 e
420 4013 569 4082 magisterio
581 4013 747 4069 excedebant.

210 4100 221 4135 ⁴
239 4101 278 4153 Ut
289 4119 345 4169 quae
357 4110 412 4153 tota
422 4107 489 4153 esset
499 4094 573 4164 alba,
584 4096 650 4151 nihil
661 4116 785 4169 purpura
798 4097 943 4156 admixtum
957 4101 1065 4158 habens.
