2768 4694
164 350 225 416 130
477 346 521 408 P.
554 343 735 411 0v1n11
765 342 893 410 VITA

161 521 179 552 »
200 483 374 572 Cornelio,
398 483 435 557 P.
455 482 648 582 Sempronio
674 509 758 556 coss.
779 481 838 579 (id
861 497 929 566 est,
952 509 1004 554 an.
1035 482 1077 554 U.
1105 485 1143 558 C.
1171 506 1218 562 nt,

161 634 179 670 s
199 602 366 692 Varron.)
383 599 518 672 Decimo
535 625 640 685 anno,
658 614 885 698 posteaquam
902 595 1007 672 locata
1020 618 1105 688 erat,
1124 603 1217 678 dedi-

159 749 178 784 »
198 717 284 790 eavit
306 742 376 789 eam
398 716 447 788 M.
464 712 585 788 Junius
600 714 741 798 Brutus;
759 710 896 811 ludique
912 712 958 786 ob
977 713 1217 796 dedicationem

160 867 180 900 s
201 833 272 931 ejus
286 829 384 918 santi,
402 856 486 930 quos
501 828 626 928 primos
642 843 805 900 scertlcos
819 825 919 900 fuisse
932 825 1081 902 Valerius
1097 819 1216 909 dutias

160 982 179 1014 ι
196 967 248 1025 est
262 964 396 1033 auctor,
413 943 583 1045 Megalestir
598 941 800 1043 appellatos3
823 977 839 1007 ι
856 943 948 1043 quod
968 944 1142 1021 confirmit
1156 947 1213 1023 lib.

159 1065 317 1150 XXXIV,
335 1088 405 1161 cap.
432 1058 495 1146 53,
513 1059 554 1131 ad
571 1057 778 1132 consulatum
801 1059 966 1159 Scipionis
988 1058 1143 1136 Africani
1150 1067 1216 1153 tl,

160 1199 194 1257 et
209 1179 395 1281 Sempronii
409 1176 516 1270 Longi
528 1212 538 1261 ‚·
552 1175 614 1249 hoe
632 1192 696 1262 est,
713 1204 764 1248 an.
783 1178 826 1248 U.
845 1176 883 1248 C.
901 1177 1042 1249 Varroni
1059 1194 1151 1267 ltux,
1164 1182 1216 1256 his

157 1297 292 1372 verbis:
315 1291 334 1359 ‹'‹
353 1291 554 1405 Megalensia
570 1289 668 1364 ludos
693 1305 875 1375 suentem,
889 1288 937 1362 C.
957 1289 1098 1366 attilius
1116 1294 1216 1371 'Sara-

145 1448 178 1496 xs
197 1440 268 1486 nus
274 1467 283 1498 ,
296 1414 338 1484 L
346 1408 544 1505 Scribonius
548 1394 643 1479 Libo
654 1403 761 1479 ediles
771 1404 901 1478 curules
911 1423 1019 1479 Pffltnl
1027 1405 1213 1486 fecerunt.»

156 1529 238 1604 Inde
252 1542 325 1615 est,
335 1499 425 1628 qnod
436 1521 561 1598 Andria
573 1520 718 1595 Terentii
731 1520 881 1594 dicatur
871 1549 905 1594 ur
920 1518 1038 1610 tituto}
1054 1525 1217 1600 octalodei

156 1642 407 1756 Megalensibus,
430 1656 490 1714 ete.

206 1759 238 1833 3
257 1757 372 1833 Tertio
390 1755 537 1858 apprime
554 1752 892 1838 animadvertendum,
909 1750 1037 1826 hisee‘'
1012 1780 1047 1827 ιιι
1058 1748 1147 1829 ludis
1162 1783 1216 1831 se-

155 1890 270 1946 natum
288 1901 305 1944 a
323 1869 450 2004 populo
466 1885 626 1943 secretum
644 1883 790 1967 spectare
802 1866 845 1938 ab
858 1864 917 1938 ilto
930 1894 1017 1941 anno
1032 1870 1073 1941 U
1090 1870 1129 1943 C.
1143 1890 1214 1947 mx

157 1989 312 2088 coepisse,
335 1987 386 2059 uti
404 1985 488 2057 clare
504 2012 570 2056 rem
589 1984 725 2083 'exponit
741 1981 848 2055 Valer.
868 1983 1056 2069 Maximus
1081 1984 1141 2060 lib.
1159 1990 1212 2074 ll,

157 2130 228 2205 cap
221 2106 310 2195 4
310 2104 397 2174 Per
407 2101 812 2201 quingentosautem‚a1t
824 2117 856 2172 et
866 2100 1103 2200 quinquaginta
1115 2084 1210 2176 ἑιὲιι)Ι

159 2249 177 2282 n
198 2244 322 2302 annos,
340 2226 472 2288 sendtus
495 2213 624 2315 populo
646 2212 768 2285 mixtus
787 2211 975 2312 spectaculo
991 2208 1192 2289 ludoruro
1163 2242 1215 2288 rn-

160 2363 179 2396 »
199 2328 332 2415 tersuit',
348 2327 404 2402 sed
421 2327 509 2400 hunc
523 2355 646 2400 morem
661 2327 698 2399 C.
714 2325 850 2399 Attitius
868 2327 1009 2400 Saranus
1023 2346 1055 2400 et
1071 2331 1111 2402 L.
1127 2329 1214 2402 Seri·

158 2475 177 2509 »
196 2441 318 2516 bonius
333 2440 420 2513 Libo
438 2439 566 2524 aediles,
582 2439 679 2512 ludos
693 2440 793 2512 Matri
806 2442 912 2513 Derim
927 2441 1100 2531 facientes,
1115 2469 1212 2545 snpe-

158 2592 176 2640 ιι
196 2559 297 2645 rioris
304 2558 449 2631 Africani
464 2563 557 2653 (tum
572 2576 638 2629 eos.
656 2559 704 2654 11)
720 2558 911 2633 senteutiam
925 2559 1048 2647 secuti,
1065 2559 1213 2636 diseretis

158 2707 177 2739 a
199 2676 311 2768 (NB.)
331 2691 462 2747 senatus
479 2689 511 2744 et
524 2672 641 2772 populi
657 2671 757 2761 locis,
777 2675 963 2762 solverunt,
982 2693 1042 2750 ete.
1062 2709 1077 2739 ι

205 2788 324 2861 Postea
335 2817 412 2862 vero
428 2791 465 2860 L.
481 2786 622 2862 Roscius
639 2789 732 2863 Otho
746 2807 905 2891 equestrem
920 2806 1052 2893 qnoque
1064 2789 1214 2870 ordinem

157 2930 176 2974 a
191 2902 290 3003 plebe
298 2921 332 2977 et
342 2921 455 2977 senatu
466 2901 634 2992 distinxit,
653 2925 715 2979 xlv
731 2906 847 2980 theatri
858 2909 1125 3009 amphitheatrive
1138 2937 1214 3004 gra·

159 3019 221 3093 dus
236 3048 293 3094 seu
311 3018 443 3092 ordines
460 3018 627 3118 equitibus
643 3021 816 3116 adsignans
834 3030 858 3092 ².
886 3022 992 3094 Aliter
1007 3026 1093 3096 enim
1109 3050 1143 3096 se
1159 3051 1213 3098 res

159 3135 195 3207 in
210 3137 287 3209 circo
309 3135 472 3221 habebat,
491 3135 578 3236 apud
597 3165 693 3236 quem
708 3139 796 3210 Nero
813 3135 937 3235 primus
953 3139 1081 3237 equitmn
1093 3139 1212 3212 Romn-

192 3309 200 3338 ¹
219 3305 346 3374 Sequitur
356 3324 451 3374 nempe
466 3305 552 3359 Verrii
566 3306 648 3362 Flaoei
660 3305 785 3373 calculos,
797 3309 883 3360 Liseus
895 3327 957 3360 vero
970 3306 1047 3370 alios;
1061 3309 1158 3377 quippe
1168 3311 1212 3379 qui

160 3389 192 3444 ad
205 3391 310 3443 eosdem
327 3391 445 3445 consules
459 3402 561 3458 narrat,
579 3414 592 3439 α
607 3391 702 3446 horum
718 3390 831 3445 reditium
847 3390 921 3446 ludos
941 3394 1073 3445 Romanos
1096 3394 1212 3460 primum

162 3483 306 3526 »senatum
323 3475 445 3542 apoputo
454 3485 589 3530 secretum
601 3476 751 3545 spectavisse
762 3497 769 3538 ;
785 3499 799 3524 a·
810 3488 887 3545 atque
900 3499 913 3521 α
926 3478 957 3530 ad
973 3476 1213 3544 quingentesimum

158 3579 171 3604 ι
190 3557 431 3637 quinquagepirnum
440 3570 539 3612 sextum
551 3579 666 3627 annum,
679 3581 693 3606 υ
702 3559 796 3614 seilicet
810 3560 844 3614 U.
858 3559 912 3614 Q«
924 3561 951 3612 in
963 3558 1110 3628 promiscuo
1117 3574 1214 3630 speeta-

161 3664 176 3689 a
189 3653 245 3696 turn
259 3656 312 3694 esse
328 3660 334 3695 :
348 3664 361 3688 ι
378 3641 422 3695 lib.
438 3642 567 3727 XXXIV,
580 3662 633 3712 nup.
646 3644 684 3698 53.
695 3643 749 3697 Ubi
762 3643 837 3695 simut
850 3653 941 3695 notare
955 3652 1009 3708 est,
1025 3661 1086 3694 enm
1098 3641 1131 3697 de
1148 3648 1214 3700 tudo

161 3728 299 3784 Βιιιιιὶι,
315 3742 371 3778 non
381 3742 444 3778 vero
456 3727 656 3794 Megalensibus.-
671 3727 709 3782 uti
722 3729 780 3782 vn.
796 3727 940 3792 Maximus,
952 3728 978 3780 id
990 3728 1144 3796 observare,
1159 3751 1211 3785 non

161 3831 233 3865 secus
243 3829 336 3882 aecap.
350 3814 398 3878 44,
421 3828 487 3879 quo
487 3811 612 3877 reform
599 3830 762 3892 «censores,
778 3813 846 3866 ludis
865 3814 989 3868 Romanis
1005 3815 1120 3870 edilibus
1135 3836 1215 3871 eum·

161 3893 254 3947 li'bus
247 3913 402 3962 imperasse,
416 3904 445 3945 ut
460 3898 518 3947 loca
538 3899 665 3948 senatoria
679 3907 832 3949 secernerent
847 3916 865 3949 ι
879 3903 997 3965 populo:
1011 3919 1072 3952 uam
1090 3911 1166 3953 antea
1185 3901 1212 3952 in

163 3979 309 4043 promiscuo
322 3973 506 4045 spectabant»

195 4063 290 4116 ²Vide
302 4083 359 4133 qun
372 4074 492 4118 notamus
504 4064 530 4118 in
545 4065 637 4119 Horat
648 4065 722 4133 viu,
741 4087 797 4138 paq.
811 4089 854 4122 ιιι
867 4088 919 4138 sqq
