2752 5136
446 842 511 909 rr
536 838 914 907 nassamones.
1120 818 1211 938 '307

156 984 247 1059 tione
267 983 453 1058 adbiriam
476 1011 576 1083 super
594 997 699 1055 morte
715 981 835 1066 Drusi,
855 980 1012 1055 Ovidium
1034 1010 1150 1056 rursus
1166 1004 1214 1059 at·

119 1181 122 1188 ,
155 1102 316 1197 tingerem
331 1124 417 1177 :uon
429 1099 519 1201 quod
531 1127 606 1174 eum
617 1113 783 1170 auctorem
794 1096 1017 1195 adspersam,
1026 1123 1123 1197 quem
1136 1127 1217 1175 sem-

155 1242 217 1318 per
232 1216 412 1293 existimari
427 1215 611 1319 perbonam
625 1231 658 1285 et-
666 1210 841 1312 perutilem
853 1209 940 1310 stylo
949 1212 1146 1309 juventutis:
1161 1217 1218 1289 sed

155 1326 252 1430 qnod
263 1330 360 1404 istam
370 1324 513 1430 'operam
529 1326 706 1400 arbitrarer
719 1324 755 1395 in
769 1322 1020 1398 obscurioribus
1037 1326 1169 1426 scriptis
1179 1326 1219 1401 il-

157 1445 335 1522 lustrandis
348 1446 466 1523 melins
477 1443 632 1518 collocari
647 1468 756 1542 posse.
770 1441 900 1514 Mutari
911 1458 1017 1516 tamen
1029 1442 1218 1534 consilium;

155 1578 405 1663 nec'propterea
423 1558 575 1632 levitatis
584 1572 618 1629 et
630 1555 859 1627 inconstantia
871 1554 992 1627 crimen
1005 1555 1218 1655 pertimesco:

155 1678 238 1778 quin
256 1707 318 1753 vos
331 1688 467 1777 quoque
486 1699 583 1773 spero
607 1690 712 1744 meatu
735 1669 895 1744 rationem
912 1698 982 1744 esse
996 1673 1217 1770 probaturos,

153 1791 214 1863 ubi
236 1817 296 1862 sur
310 1789 347 1860 id
368 1789 477 1861 fecero
500 1783 712 1878 intelligetis·
726 1782 874 1861 Primum
898 1785 1056 1882 quaerenti
1081 1786 1163 1859 mibi
1185 1806 1220 1861 et
1295 1852 1298 1857 4

153 1901 432 2005 circumspicienti
450 1898 598 1976 libellum
617 1899 675 1999 qui
688 1899 807 1972 borum
825 1899 953 1974 diorum
970 1899 1121 1975 brevitati
1138 1931 1220 1976 con-

153 2020 300 2108 veniret,
314 2020 461 2094 occurrit
476 2017 559 2092 mibi
573 2017 646 2089 baec
660 2016 700 2090 de
716 2014 856 2090 Achillis
872 2016 971 2090 armis
987 2017 1073 2090 inter
1088 2020 1221 2117 Ajacem

154 2154 188 2212 et
200 2135 355 2239 Ulyssem
370 2134 542 2209 contentio
555 2132 670 2234 paucis
686 2131 849 2232 descripta
862 2131 1013 2206 versibus
1034 2164 1041 2206 :
1058 2134 1221 2237 simulque

156 2251 290 2352 objecta·
300 2251 491 2326 Temutiani
506 2250 599 2325 Geta
608 2246 746 2343 religio,
758 2270 824 2348 qus
835 2246 964 2324 lucilius
972 2275 1116 2337 moveor,
1131 2251 1221 2351 quod

156 2365 338 2443 mes-tave
355 2365 496 2460 ignauiae·
513 2363 717 2439 :interdixit
738 2361 885 2437 hariolus
906 2393 914 2436 :
936 2363 1098 2466 haruspex
1119 2368 1223 2440 vetuit
1313 2434 1318 2443 .

155 2479 284 2583 aliquid
297 2480 417 2578 'magni
442 2480 699 2554 tnte'bruinam
723 2478 877 2582 incipere.
903 2481 1031 2554 Deinde
1046 2484 1088 2556 ab
1108 2485 1218 2561 officio

157 2612 296 2684 nostro,
320 2612 539 2696 susceptaque
561 2593 759 2696 eloquentie
781 2594 1010 2695 professione,
1028 2625 1097 2671 non
1116 2620 1167 2676 est
1187 2604 1221 2675 id

155 2734 284 2783 cutmen
295 2707 460 2795 alienum,
475 2708 512 2780 in
527 2736 592 2808 quo
605 2725 689 2782 nota
695 2707 865 2782 rhetorum
878 2727 1040 2810 praecepta
1052 2740 1150 2786 nemo
1163 2715 1219 2788 de-

154 2825 295 2913 siderem
311 2826 379 2900 sive
394 2823 435 2898 ad
451 2824 555 2932 ¹lidem¹
575 2824 753 2899 faciendam
765 2826 861 2913 ,sive
878 2824 920 2896 ad
945 2826 1123 2901 flectendos
1140 2857 1218 2929 pcr-

153 2939 400 3040 morendosque
421 2938 549 3011 animos
569 2948 691 3012 eorunt
704 2942 763 3042 qui
789 2940 928 3012 andiunt
948 2970 956 3013 t
977 2970 1155 3043 omnesque
1171 2943 1217 3018 fa-

155 3071 288 3130 teantur
303 3083 373 3129 esse
391 3054 596 3128 verissimum
621 3054 712 3155 quad
733 3057 768 3127 in
786 3054 875 3127 libro
891 3054 1000 3154 primo
1019 3056 1058 3129 de
1077 3058 1216 3132 Oratore

154 3169 277 3243 scribit
301 3170 435 3243 Marcus
451 3165 583 3250 Tullius
610 3199 618 3242 ε
646 3169 857 3255 «finitimus
876 3187 926 3243 est
947 3170 1072 3243 oratori
1098 3189 1217 3271 poeta,

158 3317 175 3347 u
194 3283 345 3357 numeris
363 3281 547 3356 devinctior
571 3280 691 3382 paulo,
709 3282 884 3355 verborum
907 3282 1038 3357 licentia
1062 3283 1214 3376 liberior,

158 3397 310 3472 »multis
324 3394 463 3471 amandi
485 3396 662 3491 generibus
683 3396 811 3483 socius,
836 3424 873 3469 ae
890 3424 980 3496 pene
1005 3424 1083 3497 par,
1101 3400 1134 3472 in
1151 3401 1214 3476 boc

159 3550 178 3583 a>
195 3517 297 3591 ferme
314 3516 419 3614 idem,
444 3515 535 3614 quod
553 3512 919 3587 nullis-circumscribat
938 3505 1086 3590 terminis
1102 3546 1139 3590 ac
1155 3520 1214 3595 de-

154 3664 179 3698 u
194 3631 287 3708 liniat
299 3633 354 3731 jus
368 3656 485 3716 snum,
506 3630 728 3730 quominus-ei
739 3628 855 3716 liceat,
870 3628 981 3705 eadem
994 3631 1049 3705 illa
1061 3634 1213 3713 facultate
1343 3631 1349 3642 ⁵

159 3782 177 3812 a
198 3762 231 3819 et
246 3744 564 3849 copia,·vagari-spoa
576 3744 669 3819 -vetie
686 3778 705 3810 s
724 3746 770 3819 Et
782 3745 817 3818 in
828 3743 916 3818 libro
927 3748 1031 3820 tertio
1046 3775 1054 3819 ε
1069 3783 1086 3812 a
1102 3751 1215 3828 Poetis

158 3894 178 3929 u
198 3880 250 3936 est
257 3888 335 3938 cnm
349 3854 539 3936 oratoribus
551 3861 876 3962 proximseogaasio.
894 3892 912 3924 »
927 3862 1010 3934 ltem
1021 3863 1060 3935 in
1073 3866 1215 3940 Oratore

153 3981 197 4056 ad
213 3980 376 4053 Brutum:
389 4013 410 4044 «
426 3979 535 4054 Etiam
548 3995 653 4079 poeta
667 3979 878 4078 quaestionem
890 3976 1097 4068 adtulerunt,
1116 3983 1211 4081 quid-

157 4132 175 4162 »
192 4093 372 4169 nsm'illnd
387 4112 491 4183 esset,
512 4121 581 4196 qno
598 4092 722 4194 ipsi'ab
740 4092 928 4167 oratoribus
946 4093 1213 4167 differrentznu-

157 4244 176 4278 s
194 4230 288 4284 tnero
303 4225 397 4282 antea
408 4208 646 4284 ridebtntnret
661 4236 755 4282 versu
771 4238 779 4280 ε
793 4236 881 4281 nune
896 4208 983 4310 apud
998 4225 1142 4282 oratores
1154 4235 1211 4280 nu·

157 4357 176 4393 s
196 4322 495 4400 nserusincrebuit.
511 4326 707 4400 ttoeamem
721 4322 982 4399 laudabilior-est
994 4341 1107 4422 poeta,
1122 4320 1212 4420 quod

159 4432 337 4518 scruteris
352 4442 733 4542 vinuespersequisur,
750 4467 824 4515 cum
848 4468 985 4516 numero
1006 4457 1057 4513 sat
1077 4437 1214 4512 adstric-

160 4592 178 4627 ι
196 4561 304 4635 tior.»
318 4558 443 4632 Athos·
450 4570 567 4659 poema
580 4556 617 4631 iu
628 4556 766 4633 sinum
777 4555 899 4630 scholis
911 4555 1041 4639 tritum,
1054 4569 1087 4627 et
1101 4552 1212 4653 pueris
