2768 4694
178 329 244 413 aad
502 329 540 392 P.
573 327 750 399 OVIDH
779 327 915 394 VITA

176 488 272 567 gente
283 525 293 556 ,
306 495 378 569 quae
389 469 528 542 anam
541 467 650 563 regem
663 456 808 541 habebat
821 460 1000 553 auctorent,
1014 466 1245 556 descenderet;

176 588 252 660 hinc
271 605 319 659 est
338 583 429 684 quod
446 583 587 658 Ovidius
609 585 719 686 prione
743 583 819 657 loco
842 583 946 670 dicat,
973 581 1081 657 Cottas
1098 584 1245 685 adjectos

175 732 245 778 esse
258 702 302 775 ad
311 701 411 800 hujus
424 702 532 775 Cottae
543 701 676 775 nomina
685 701 833 801 genitivu,
851 700 915 773 hoc
929 704 995 786 es't,
1011 701 1142 798 huncce
1157 704 1242 777 Mes·

174 817 248 893 salae
263 815 368 890 filium
381 832 500 916 prater
510 831 642 913 patema
652 815 785 890 nomina
802 813 916 889 tulisse
930 842 1062 915 quoque
1079 815 1238 891 Cuttarutn

70 1001 72 1005 .
174 962 310 1019 nomen,
330 934 419 1035 qnod
436 962 553 1034 nempe
571 948 738 1036 receperat
751 962 768 1006 a
782 948 897 1019 matre,
916 955 953 1008 ut
962 962 1048 1035 sape
1058 933 1150 1037 apud
1166 937 1238 1010 Ro·

139 1113 140 1116 ,
173 1077 287 1123 manos
304 1047 416 1122 fiebat.

221 1165 312 1238 ldcm
330 1193 430 1266 porro
449 1162 541 1236 Cotta
555 1165 698 1237 Nasonis
715 1165 838 1237 amicus
854 1181 930 1266 post
948 1164 1117 1237 lllessule'eu'
1130 1165 1237 1241 fratris

174 1280 225 1352 sui
238 1298 388 1363 mortem,
399 1278 508 1350 dictus
519 1306 651 1377 quoquc
665 1279 858 1373 cognomine
870 1279 1056 1351 Messnbisus
1067 1278 1141 1352 luit.
1157 1283 1236 1354 Rem

175 1399 279 1500 aperit
290 1394 433 1470 Velleius
447 1406 455 1434 ¹
469 1394 509 1466 dc
523 1393 580 1467 illo
596 1395 638 1466 V
632 1397 673 1468 ul.
686 1396 855 1469 Messalino
869 1395 1011 1498 loquens
1026 1429 1033 1471 :
1052 1431 1068 1462 «
1088 1399 1160 1495 Qui
1173 1400 1234 1487 vir,

178 1552 194 1581 »
213 1516 276 1602 ait,
293 1513 401 1588 animo
420 1513 515 1585 etiam
532 1540 629 1612 quam
647 1529 742 1607 gente
757 1513 924 1602 nobilior,
947 1514 1165 1611 dignissimus
1181 1517 1236 1618 qui

177 1668 193 1698 »
210 1650 244 1706 et
271 1648 412 1704 niuniu
441 1627 641 1701 Convnnu
663 1627 856 1718 habuisset,
880 1649 912 1704 et
929 1659 1111 1728 cognomen
1139 1660 1235 1704 suun

175 1787 193 1818 »
214 1749 330 1848 (NB.)
350 1748 483 1820 Cot'rffi
505 1765 634 1821 FRATRI
658 1744 897 1848 relinqueret².
920 1782 936 1810 n
968 1747 1050 1821 lnde
1070 1765 1118 1822 est
1142 1747 1234 1849 quod

170 1864 226 1938 ille
242 1862 344 1937 soleat
360 1891 378 1934 a
394 1862 510 1935 Tacito
529 1857 540 1897 ³
563 1858 655 1935 Cotta
671 1860 859 1935 Messabtms
876 1860 950 1933 dici.

219 1977 273 2050 Ad
291 1975 333 2048 V
327 1976 451 2047 ulen'um
469 1975 689 2061 Messalinum,
712 1974 770 2075 qui
787 1974 886 2049 frater
905 1973 1007 2048 Cotta
1026 1992 1107 2049 natu
1129 1976 1233 2049 maxi·

168 2123 242 2168 nnus
266 2093 413 2180 uidetur,
440 2091 580 2164 Ovidius
605 2091 719 2164 scribit
744 2090 804 2163 lib.
824 2093 839 2162 Ι
858 2120 897 2162 ex
915 2092 1046 2179 Ponto,
1066 2093 1132 2192 Ep.
1156 2109 1231 2180 vn,

169 2209 229 2284 lib.
247 2212 301 2296 ΙΙ,
319 2211 382 2310 Ep.
400 2226 441 2282 11.
458 2205 518 2281 Illa
534 2207 574 2280 de
589 2225 681 2307 patre
695 2207 761 2305 jam
773 2224 905 2280 mortuo
920 2208 1026 2294 canit,
1044 2205 1140 2281 illum
1155 2208 1232 2282 olim

168 2341 299 2426 poetam
314 2340 467 2395 nostrum
485 2322 572 2395 inter
585 2321 706 2395 amicos
721 2321 898 2409 habuisse,
916 2323 1035 2408 l,v11‚
1055 2351 1138 2396 vers.
1163 2347 1205 2423 ²7
1223 2351 1230 2392 :

331 2471 386 2525 Nec
395 2477 454 2522 tuus
465 2480 504 2523 est
515 2475 613 2538 genetur
622 2487 667 2520 nos
680 2467 810 2521 inficiatus
822 2474 932 2530 amicos,

364 2561 493 2613 Hortatur
503 2557 581 2613 studii
593 2576 719 2626 causaque
733 2557 830 2627 faxque
843 2559 910 2625 mei,
923 2569 970 2611 etc

168 2683 248 2755 Mox
270 2680 311 2753 de
330 2681 423 2752 Cotta
437 2678 506 2776 ejus
520 2676 620 2749 sratre
637 2672 832 2774 subjungit:

331 2825 406 2879 Adde
420 2824 488 2893 quod
501 2833 539 2878 est
542 2823 629 2891 frater
638 2834 712 2877 tanto
723 2825 769 2878 tibi
782 2826 886 2892 junctus
898 2844 1001 2886 amore,

359 2916 484 2985 Quantus
494 2917 522 2969 in
536 2913 634 2968 Atridis
645 2916 855 2989 Tyndaridisque
867 2917 925 2970 suit.

328 3007 353 3059 ls
365 3024 407 3060 me
419 3026 468 3059 nec
480 3010 606 3068 com'lem,
619 3025 668 3060 nee
679 3005 833 3076 dedignatus
844 3015 952 3061 amicum
964 3019 1018 3070 est,
1035 3010 1107 3061 εἰῶ

164 3123 258 3197 Pania
275 3121 391 3197 scribit
407 3124 448 3197 ad
464 3122 614 3198 eumdem
633 3123 692 3198 lib.
723 3125 774 3210 ΙΙ,
799 3127 863 3225 Ep.
888 3142 935 3209 11,
960 3100 1040 3198 vers.
1065 3126 1223 3226 99-104,

164 3236 223 3310 ubi
242 3255 275 3312 et
290 3236 383 3312 illum
397 3235 509 3312 laudat
522 3236 566 3311 ob
580 3239 740 3333 gratiam,
760 3268 824 3341 qua
841 3237 969 3314 valebat
984 3240 1073 3341 apud
1089 3244 1226 3336 Augus-

194 3413 203 3442 ¹
221 3409 277 3463 Lib.
291 3411 400 3480 II‚cap.
415 3430 469 3462 ¹12.

192 3495 205 3524 ²
221 3492 261 3545 Ex
271 3512 323 3561 quo
333 3494 390 3547 loco
403 3503 491 3562 patet,
504 3496 671 3549 Messalinum
681 3496 735 3564 jam
747 3494 857 3563 obiisse,
871 3514 953 3563 quum
967 3495 1082 3549 Velleius
1096 3495 1153 3552 hac
1165 3499 1228 3552 scri-

161 3577 247 3641 beret,
260 3575 351 3643 idest,
364 3586 424 3629 ante
437 3592 485 3631 xvl
495 3576 595 3630 Tiberii
608 3597 716 3632 anuum.
728 3578 770 3631 De
782 3579 839 3647 ejus
858 3589 943 3632 morte
962 3579 1013 3632 sid.
1028 3580 1165 3647 Plinium,
1184 3581 1225 3636 lit.

161 3658 282 3720 xxxll,
296 3677 350 3726 cap.
365 3677 402 3712 10.

191 3741 202 3773 ³
218 3742 315 3795 Annal.
326 3740 368 3793 lib.
382 3742 427 3807 ΙΙ,
440 3761 494 3811 cap,
506 3744 555 3807 323
570 3744 605 3797 lib
624 3743 675 3811 lv,
688 3762 743 3813 up.
761 3762 808 3807 ao;
821 3743 865 3797 lib.
875 3746 912 3810 V,
927 3766 983 3815 cap.
996 3748 1029 3809 3;
1042 3746 1084 3800 lib.
1099 3747 1140 3801 Vl
1151 3788 1158 3815 ,
1171 3767 1224 3817 cap.

159 3832 191 3893 5,
206 3828 240 3895 6,
256 3847 283 3897 7,
303 3825 346 3879 lib.
364 3826 433 3891 xll,
448 3845 503 3896 cap.
523 3849 561 3881 aa.
579 3830 619 3882 lta
631 3838 658 3881 et
677 3829 746 3883 Plin.
765 3826 808 3880 lib.
828 3830 872 3894 X,
891 3848 945 3898 cap.
966 3851 995 3882 aa
1014 3849 1020 3882 ε
1038 3851 1051 3875 s
1064 3832 1118 3884 Sed
1135 3831 1224 3901 (qnod

156 3914 277 3980 constat)
290 3909 445 3964 Messalinus
458 3908 556 3977 Cotta,
569 3912 688 3967 Messala
700 3910 821 3967 Oratoris
833 3911 917 3979 filius,
931 3925 979 3968 etc.
991 3935 1004 3959 υ
1025 3915 1081 3967 Lib.
1094 3916 1220 3980 xxxtt,

155 4015 210 4064 cap.
220 3995 254 4061 6,
265 4013 327 4048 eum
338 4003 413 4047 vocat
426 3998 587 4051 consularem.

188 4078 199 4111 ⁴
218 4077 284 4145 Lege
296 4089 323 4131 et
335 4096 399 4129 uera.
413 4078 505 4131 55·6o.
