2768 4694
167 351 233 435 ⁵44
513 342 884 414 orsssnrsrro

166 504 284 565 count,
301 489 414 551 eradere
430 507 489 547 non
501 497 653 563 potuerat,
669 484 713 544 vel
726 484 883 565 neglexerat
900 505 912 541 .·
928 482 1000 542 dum
1016 481 1069 544 illo
1083 504 1151 545 usas
1167 483 1228 546 ins-

164 606 311 658 trumento
320 591 473 654 conabatur
483 604 597 653 ΝΔΣΩΝ
608 589 749 663 formare,
765 611 798 648 ex
814 601 887 670 parte
901 588 1034 650 nominis
1049 603 1228 654 saltarent<

166 723 231 783 quae
244 697 425 761 solummodo
444 695 593 758 monetarii
608 694 705 771 culpa,
723 716 774 755 seu
791 694 980 778 negligentia,
998 695 1032 753 in
1042 695 1106 777 ipo
1117 719 1229 758 nummo

166 827 298 884 percussa
314 803 444 882 primitus
461 813 520 862 erat
535 815 555 857 ¹.
573 803 617 861 Ex
633 799 842 878 posterioribus
863 799 980 861 nimium
1001 799 1082 861 istius
1103 801 1229 863 vocabuli

17 896 57 923 “··
166 910 293 983 littera,
310 922 458 980 carens,
474 907 549 968 haud
563 905 675 967 difficile
686 907 764 969 salso
778 906 888 967 nuncii
900 906 956 967 tuit
972 920 1082 969 namn
1095 909 1229 986 scalpere·

96 1028 99 1033 .
171 1018 280 1079 Dolum
288 1013 443 1097 utlongios
457 1034 623 1094 prosequar,
638 1032 733 1089 operae
747 1012 872 1090 pretium
885 1035 941 1073 non
959 1025 1020 1085 est,
1031 1037 1116 1097 quum
1128 1015 1228 1077 melius

171 1122 294 1187 eandem
310 1119 402 1198 possit
419 1119 526 1180 Lector
551 1118 731 1200 intelligere,
753 1138 785 1178 ex
807 1117 931 1179 Nm
945 1119 1158 1194 dmm,
1182 1117 1230 1180 his

40 1300 51 1316 ο
173 1224 303 1310 prefixa,
318 1223 447 1285 etmulto
458 1223 574 1306 quidem
584 1225 774 1297 accuratiore,
784 1243 867 1303 mam
880 1223 946 1298 illa,
960 1224 1232 1306 jndudumniri,

173 1329 369 1390 illustrissimis
385 1327 536 1412 divulgata.

216 1437 275 1494 lll.
296 1437 393 1516 ltaque
407 1434 452 1497 vel
469 1434 535 1494 binc
551 1432 641 1511 palam
658 1433 712 1507 tit,
734 1455 769 1496 eo
788 1434 817 1494 in
832 1433 960 1496 Nummo
982 1437 1048 1497 mbil
1068 1437 1147 1498 alind
1163 1458 1232 1520 sup-

175 1540 308 1619 plendum
322 1553 351 1600 et
362 1539 534 1623 legendum,
552 1560 635 1622 quam
649 1540 727 1621 qnod
742 1540 772 1600 in
789 1539 843 1600 alio
857 1541 986 1622 ejusdem
1000 1543 1111 1625 generis
1135 1554 1162 1603 at
1185 1542 1231 1600 in-

175 1647 330 1729 tegerrimo
345 1646 542 1729 conspicitur,
565 1667 652 1724 penes
671 1645 889 1727 illustrissimum
910 1649 1044 1709 comitem
1064 1645 1233 1709 Pembmlu'oe

177 1776 240 1815 cnm
254 1753 315 1814 aliis
330 1753 542 1837 quamplurimis
560 1765 589 1812 et
609 1752 776 1826 rarissimis,
795 1774 934 1834 quemque
957 1755 1005 1815 bic
1022 1758 1105 1815 etiarn
1128 1776 1231 1836 reprae-

176 1873 326 1920 certamus.
346 1862 380 1919 ln
396 1859 480 1942 bajus
491 1879 592 1941 nempe
605 1858 693 1937 prima
708 1857 777 1919 lacie
793 1859 1008 1940 elegantissimis
1020 1860 1140 1932 litteris,
1153 1859 1191 1920 nti
1202 1870 1233 1918 et

177 1965 406 2036 evidentissimis,
421 1964 524 2049 legitur
541 1987 548 2022 :
565 1978 722 2026 οὶἮΙΔΙοΣ
738 1977 927 2026 salntem
935 2008 944 2038 ,
960 1966 1064 2026 circum
1077 1976 1162 2046 captet
1173 1968 1233 2024 im-

178 2070 272 2143 berbe,
287 2080 316 2129 at
325 2069 404 2150 quod
415 2070 541 2150 aerugine
557 2069 598 2129 sic
615 2082 658 2130 est
673 2067 836 2142 inductum,
854 2082 887 2129 ut
900 2069 990 2131 vultus
1005 2067 1079 2127 baud
1089 2080 1169 2128 certo
1188 2068 1232 2127 di-

179 2174 280 2256 gnosci
292 2175 401 2251 possit,
417 2175 523 2235 etiamsi
533 2196 660 2236 censeam
670 2196 734 2234 enm
743 2174 863 2236 omnino
874 2174 1069 2253 escaque.
1085 2174 1233 2235 bbaversa

180 2276 280 2339 deinde
288 2289 365 2354 parte
375 2277 730 2358 babeturcnputbnrbntum
737 2322 746 2349 ,
759 2290 788 2337 et
795 2278 948 2340 laureatum
956 2322 965 2353 ,
973 2290 1109 2359 quantum
1117 2279 1237 2356 licetper

180 2384 297 2446 eandem
309 2382 464 2466 eruginem
477 2380 615 2465 judicare,
627 2394 709 2464 atque
721 2383 791 2444 adeo
803 2384 952 2465 ipsiusmet
963 2384 1043 2445 Joes's
1050 2428 1060 2457 ,
1080 2384 1131 2443 hac
1148 2385 1238 2466 signa—

181 2501 243 2548 tum
259 2486 439 2570 Epigraphe:
457 2499 661 2549 nnnsnoroz
678 2500 876 2562 nseearior,
891 2487 920 2546 id
935 2500 980 2550 ess
992 2489 1154 2549 Menander
1167 2489 1238 2549 Par-

183 2592 379 2671 rlasz'ifilius,
399 2615 459 2652 non
476 2614 560 2667 vero,
585 2605 616 2652 ut
639 2593 817 2654 doctissimus
837 2593 1026 2670 spanhemius
1041 2594 1188 2675 supplebat
1210 2607 1239 2654 et

181 2700 438 2778 interpretabatur,
454 2700 612 2759 Menandri
624 2699 782 2760 Parrhasii.

221 2808 274 2866 lv.
295 2807 382 2866 Hunc
395 2818 488 2864 antem
502 2806 656 2864 Nummum
668 2818 746 2865 antea
761 2804 922 2883 possidebat
935 2807 979 2866 Cl.
992 2808 1061 2867 Job.
1072 2807 1216 2885 Lnngbton
1224 2850 1235 2876 ,

183 2912 256 2988 apud
272 2933 354 2991 quem
369 2933 433 2971 eum
451 2911 519 2971 olim
533 2911 748 2990 descripseram
772 2911 902 2993 idemque
917 2913 1039 2990 proinde
1054 2925 1119 2984 est,
1136 2910 1236 2993 (qnod

184 3015 355 3077 dissimulare
368 3017 455 3091 nolo,
471 3039 523 3076 nec
539 3016 651 3094 debeo)
664 3041 747 3099 quem
762 3019 883 3099 protuli,
900 3031 933 3078 ut
943 3020 992 3099 qui
1003 3020 1117 3078 Litteris
1122 3017 1236 3094 fingite

184 3121 256 3179 tibus
273 3142 378 3182 nomen
394 3141 508 3202 quoque
524 3122 666 3182 Pollionis
684 3122 806 3183 haberet
831 3126 941 3184 Verum
963 3124 992 3182 in
1017 3125 1090 3183 hunc
1112 3141 1235 3181 errorem

184 3225 288 3284 ineram
311 3228 464 3298 inductus,
483 3226 561 3308 quod
581 3229 669 3288 vitam
696 3229 809 3301 Ovidii,
831 3229 940 3308 aliquot
962 3241 1025 3307 post
1043 3226 1138 3295 annis,
1158 3225 1238 3283 deli-

186 3351 269 3389 neans
284 3372 292 3400 ,
310 3332 339 3390 in
354 3336 422 3393 meis
437 3333 586 3411 reperirem
599 3333 708 3393 schedis
716 3345 823 3415 puncto
833 3335 908 3395 inter
919 3356 1015 3402 voces,
1034 3345 1195 3392 οΥΗΙΔΙΟΣ
1209 3353 1241 3392 ac

187 3448 372 3499 ΚΑΙΣΑΡΕΩΝ
383 3438 529 3509 adnotata,
542 3462 606 3520 quse.
617 3451 685 3499 tnnc
696 3439 859 3499 [estinanter
870 3439 953 3499 nimis
964 3436 1088 3499 scribens
1098 3436 1243 3508 intellexi,

186 3563 217 3600 ac
235 3543 257 3601 si
273 3539 480 3624 significarent,
498 3544 562 3604 alias
581 3543 739 3604 interfuisse
758 3544 883 3617 litteras,
906 3568 969 3627 quse
985 3545 1060 3605 harrd
1076 3544 1148 3603 clare
1166 3543 1245 3625 lege-

188 3659 286 3706 rentur
298 3672 305 3719 3
322 3667 408 3727 quum
422 3658 515 3707 tamen
525 3651 583 3726 ipsa
592 3648 686 3708 forent
697 3662 773 3710 extra
788 3650 953 3732 epigraphes
965 3649 1103 3709 circulum
1120 3651 1244 3730 signata,

223 3883 229 3911 ¹
248 3881 290 3934 Sic
305 3891 331 3932 et
343 3881 375 3932 ab
388 3880 468 3935 altera
482 3882 585 3935 nummi
599 3892 685 3952 parte,
701 3881 813 3935 eandem
825 3884 859 3936 ob
870 3901 990 3948 causam,
1005 3881 1045 3933 lise
1062 3891 1164 3933 tantum
1179 3879 1248 3932 exbi-

138 4003 140 4007 <
188 3972 285 4024 bentur
297 3970 388 4024 litterae
400 3991 406 4023 ε
420 3979 668 4036 ΜΕΝΔ-ΔΣΙΟΥ,
684 3991 740 4041 quar
752 3993 809 4041 pars
822 3985 881 4027 sunt
893 3975 1051 4041 integrarum
1062 3990 1155 4025 vorum
1168 4009 1174 4032 ,
1188 3979 1246 4022 ΜΕ-

189 4073 323 4119 ΝΑΝΔΡΟΣ
338 4073 505 4120 ΠΑΡΡᾸΣΙΟΥ.
