2768 4694
233 330 305 400 nu
329 330 369 395 P.
396 324 830 433 omnio-ursona.
1000 328 1066 418 3³9

169 470 245 525 Hanc
257 484 307 537 ego
317 505 325 533 ,
337 484 384 520 seu
398 463 519 535 Lyciam,
532 473 704 532 maternaque
715 462 791 515 litora
802 461 890 527 calco,

200 558 253 613 Seu
265 558 360 611 boreo
371 555 445 609 sedes
457 566 616 622 tesquaqoe,
628 553 701 607 letus
711 572 768 622 ago.

171 651 225 705 Nec
235 648 336 719 pudet,
350 657 378 700 et
391 646 520 707 referam,
534 662 683 713 quanquam
695 644 777 713 pudet
788 644 896 708 (omnia
907 656 993 698 vatem

197 738 270 793 Scire
281 736 369 800 decen
383 735 475 789 celum
486 734 588 788 vatibus
599 752 679 787 osone
692 736 794 803 patella

168 831 222 885 Nos
234 846 341 898 quoque
353 826 417 879 lesit
430 826 528 890 Amor,
541 823 705 893 volucrisque
712 823 831 893 potentia
844 823 925 891 Diri,
1037 830 1067 890 7⁵

198 916 236 975 Et
246 917 307 972 satis
317 917 345 969 in
360 914 423 969 celo
434 914 521 967 sabula
532 925 704 966 notasunms.

157 1008 221 1065 he
230 1006 326 1076 loquar
338 1015 382 1058 aut
396 1003 513 1057 Chiones
524 1002 689 1073 pulchreque
704 1002 846 1057 Coronidis
857 1003 962 1071 ignem,

197 1100 253 1153 Aut
263 1108 382 1150 veterem
394 1093 535 1162 Daphnos,
547 1103 608 1158 aut,
622 1092 785 1164 Hyacinthe,
800 1104 889 1153 tuum;

167 1190 203 1243 Et
215 1202 407 1257 quemcumque
421 1204 469 1236 suo
480 1183 584 1238 deducit
596 1184 712 1237 carmine
725 1184 835 1248 Noster,

200 1281 295 1348 Quum
308 1276 383 1330 [acies
395 1294 481 1329 versas
494 1275 580 1327 nobile
593 1284 681 1329 cantat
690 1290 763 1343 optas

171 1368 285 1440 Pelignis
296 1367 404 1421 memini
415 1367 505 1420 vixisse
516 1366 660 1420 salubribus
668 1364 731 1418 olim
742 1386 748 1418 :

201 1456 286 1513 Causa
296 1457 347 1511 luit
358 1457 437 1511 facies
451 1469 573 1527 grataque
585 1456 672 1511 forma
684 1456 757 1513 Dee.

168 1548 289 1620 Nympha
299 1548 366 1615 luit,
378 1547 452 1602 vultu
464 1546 503 1619 (si
514 1547 656 1617 quidquam
668 1547 753 1601 credis
764 1549 864 1603 amnti
871 1552 898 1616 ,)

195 1638 285 1709 Digna
294 1624 357 1693 lieo
366 1638 436 1692 natis
447 1636 615 1707 attentisque
626 1639 677 1692 coli
687 1656 695 1689 ι

166 1724 258 1795 Clara,
270 1748 352 1798 genus
362 1728 483 1800 Solymi,
498 1727 607 1800 Solymo
615 1727 891 1800 cognoministaqao
1034 1737 1065 1788 85

196 1821 352 1876 Sulmonem
364 1820 475 1890 patriam
487 1820 535 1873 scis
546 1818 664 1873 babuisse
673 1837 760 1873 suurn.

167 1910 298 1966 Ulteriora
311 1931 422 1982 sequor3
435 1911 527 1964 studiis
538 1930 593 1964 non
605 1911 648 1963 illa
657 1910 787 1964 Minerva

196 2003 293 2057 Dedita
303 2044 311 2070 ,
323 2021 374 2056 nec
387 2001 464 2074 sylvis
476 2002 682 2070 arboribusque,
697 2000 756 2054 luit.

164 2094 224 2149 Non
242 2093 278 2147 illi
291 2095 418 2163 invenes,
430 2112 484 2147 non
499 2093 536 2146 illi
548 2093 659 2147 stamina
669 2112 739 2146 curae
752 2110 758 2142 z

193 2185 254 2238 Nou
266 2184 342 2237 radio
353 2184 427 2240 docte
438 2225 446 2251 ,
458 2203 513 2238 non
526 2185 594 2238 bene
607 2183 689 2253 pingit
700 2204 755 2237 acu.
1028 2207 1060 2254 qo

161 2273 279 2326 Carmen
291 2284 360 2327 amat
371 2285 491 2341 tantum,
505 2286 657 2343 nostrasque
669 2274 833 2343 amplectitur
843 2286 924 2339 artes;

196 2365 313 2417 Carmen
325 2377 394 2418 arnat
404 2377 524 2433 tantum,
536 2377 677 2433 nostraque
689 2384 761 2418 sacra
771 2367 839 2420 colit.

164 2454 278 2524 Negligit
290 2466 317 2508 et
327 2454 438 2509 formam
451 2478 458 2520 ;
470 2456 548 2511 facies
558 2459 614 2510 sine
625 2457 736 2510 cultibus
748 2457 812 2509 ullis.

197 2544 232 2596 Et
244 2544 325 2613 magis
337 2544 387 2600 boc
400 2547 470 2616 ipso,
481 2546 592 2601 cultibus
604 2546 683 2611 orba,
693 2544 783 2614 placet.

163 2634 224 2689 Hoc
236 2655 340 2705 quoque
352 2639 407 2706 jam
420 2638 495 2707 (quis
505 2640 576 2692 enim
587 2639 694 2709 propria
706 2656 760 2690 non
774 2638 890 2706 tangitur
901 2638 972 2691 arte?
983 2638 994 2708 )
1027 2648 1058 2711 95

192 2726 318 2781 Materies
327 2729 409 2783 nostri
420 2746 515 2799 magna
525 2728 623 2783 luroris
635 2741 698 2782 erat.

162 2815 236 2885 Saepe
248 2818 319 2870 canit
328 2816 454 2889 vultuque
466 2820 551 2888 ipsum
559 2820 728 2874 commendat
740 2821 906 2888 Homerum,

196 2906 302 2977 Quique
314 2926 372 2962 suaa
386 2910 475 2963 aare
485 2911 603 2979 gramine·
617 2909 686 2978 pavit
699 2912 774 2963 ores!

162 2997 236 3067 Sepe
250 2998 313 3071 lyro'
325 2998 429 3053 dulcem
440 3000 526 3070 digitis
536 3000 714 3054 accommodat
726 3012 826 3067 artem,

191 3089 448 3158 Alcaeique'animos,
463 3090 653 3162 Stesichorique
664 3092 762 3146 modos
1009 3119 1053 3152 roo

160 3178 288 3233 Nondum
298 3180 353 3234 laec.
364 3181 490 3235 Ausonio
500 3180 666 3235 celebrabant
678 3183 787 3235 numina
800 3184 941 3254 Nympha:

190 3271 241 3323 Vix
253 3270 343 3323 Musas
356 3271 423 3325 Latii
435 3281 493 3324 tum
504 3271 608 3326 coluere
619 3273 677 3325 viri.

158 3357 230 3414 Cura
242 3360 290 3413 viri
301 3361 396 3428 lituus,
408 3362 581 3434 clypeusque,
595 3375 621 3417 et
631 3364 720 3431 cassis,
734 3375 760 3418 et
772 3363 851 3419 basta.

187 3452 250 3504 Pars
261 3452 411 3522 propriam,
427 3454 524 3523 positus
533 3473 609 3520 rure,
621 3454 721 3509 colebat
731 3454 851 3509 humum.

154 3540 240 3595 Matre
252 3544 299 3596 sub
314 3542 409 3597 immiti
420 3543 549 3599 ducebant
560 3564 639 3615 pensa
651 3544 761 3613 puelle:

190 3633 244 3684 Aut
255 3633 312 3701 plus
325 3644 369 3686 aut
380 3631 485 3687 solitum
496 3653 605 3703 quaeque
619 3635 739 3689 trahebat
751 3654 823 3705 opus.

153 3718 251 3772 lncalui
264 3762 270 3783 ,
283 3722 368 3776 fateor
379 3744 386 3777 ι
398 3743 447 3778 nec
458 3742 515 3793 spes
526 3725 626 3778 affulsit
637 3727 743 3780 amanti.

144 3801 146 3806 ’
187 3808 252 3863 Hac
263 3829 366 3883 quoque
379 3833 433 3884 quo
443 3816 532 3868 minor
545 3827 598 3882 est,
610 3814 661 3871 boc
671 3819 752 3886 magis
764 3828 839 3887 urget
851 3837 930 3868 amor.

158 3896 269 3952 Deserui
280 3903 368 3958 celum
380 3946 387 3970 ,
399 3906 560 3976 Pelignaque
572 3908 672 3962 saucius
681 3926 742 3961 arra

190 3989 343 4057 ingredior,
355 3994 440 4049 forma
451 3996 629 4052 dissimulante
640 3998 737 4053 Deum.
