2768 4694
395 355 461 424 nn
484 356 525 422 r.
552 355 748 426 ov1n1o
770 354 994 425 nasoon.
1163 361 1229 454 ³7³

154 491 340 579 mendosa,
355 495 446 565 unde
460 508 574 563 tamen
588 494 686 563 utilia
701 494 834 564 odorari
846 509 1056 589 poteramus,
1075 521 1230 592 suppres-

155 618 285 675 serunt.
301 635 318 672 a
334 608 531 700 Fragmenta
555 605 709 698 quaedam
729 608 934 698 grammatici
956 607 1078 673 veteris
1098 610 1134 674 in
1152 610 1230 677 Ibin

159 713 382 808 prodierunt,
399 718 504 783 Paris.
525 717 623 796 1581,
641 717 731 807 typis
746 717 902 806 Dionysii
916 717 1169 800 Prateusis,sed
1180 721 1234 786 iu·

159 825 303 914 tegriora
323 822 449 891 scholia
475 822 532 892 illa
553 849 592 890 ex
617 821 748 890 duobus
775 825 864 894 MSS
891 823 1064 892 codicibus
1086 824 1235 917 vulgavit

162 932 312 998 boessius
321 981 331 1013 ,
353 943 487 1000 utente
503 930 644 1000 dictum.

202 1067 248 1132 X.
268 1066 505 1147 Halieuticon,
523 1068 593 1131 sive
611 1067 654 1134 de
664 1067 806 1158 piscibus
821 1069 909 1138 liber
923 1067 1114 1161 acephalos,
1131 1072 1235 1137 versi·

158 1175 220 1241 bus
235 1176 448 1243 hexametris.
464 1178 573 1259 Hujus
584 1179 744 1266 poematis
758 1182 883 1246 mentio
897 1177 988 1271 apud
1003 1177 1093 1246 Plin.
1109 1181 1230 1260 XXX,

165 1305 175 1345 1
189 1305 218 1346 ι.
239 1306 256 1344 a
269 1283 332 1348 llis
346 1280 542 1367 adjiciemus
556 1280 598 1347 ab
615 1280 740 1351 ovidio
757 1288 865 1376 posita
880 1287 1036 1367 nomina,
1054 1310 1128 1377 quae
1143 1283 1235 1377 apud

157 1390 330 1456 neminem
345 1390 449 1457 alium
463 1390 694 1482 reperiuntur,
720 1390 780 1457 sed
800 1392 945 1460 fortassis
965 1394 1001 1458 in
1021 1395 1128 1459 Ponto
1149 1417 1229 1459 nas·

160 1511 302 1583 cuntur,
319 1499 381 1597 ubi
394 1498 433 1565 id
444 1499 602 1573 ,volumen
615 1502 777 1592 supremis
789 1504 856 1568 suis
871 1501 1079 1594 temporibus
1096 1503 1232 1570 inchoa·

160 1612 222 1676 vit.
243 1637 259 1674 a
287 1608 385 1677 Idem
405 1634 542 1705 capa:
562 1611 683 1677 «Mihi
699 1608 857 1677 videntur
870 1615 975 1695 mira,
996 1637 1070 1704 qnae
1090 1613 1231 1681 Ovidius

160 1717 275 1811 prodit
289 1721 434 1812 piscium
450 1720 582 1813 ingenia
599 1722 634 1785 in
650 1742 689 1786 co
705 1717 894 1800 volumine,
912 1718 1004 1811 quod
1017 1722 1232 1789 Halieuticou

161 1828 367 1898 inscribitur.
386 1859 405 1894 a
425 1816 610 1898 Illust'ravit
624 1828 690 1894 boc
704 1824 925 1917 fragmentum
941 1827 1100 1895 Hercules
1120 1828 1233 1898 Ciosa-

160 1963 239 2023 nus,
256 1966 335 2008 enn.
354 1942 453 2010 1580.
467 1939 537 2008 vid.
554 1950 588 2006 et
601 1936 738 2008 Swartii
750 1935 911 2002 Analecta
923 1937 940 2003 Ι
949 1986 960 2019 ,
977 1938 1010 2004 5.
1023 1940 1137 2007 Exstat
1150 1965 1233 2032 quo·

162 2048 275 2140 quein
287 2048 449 2142 poematis
462 2046 612 2140 antiquis
624 2047 664 2112 P.
681 2041 817 2110 Pithoi.
832 2041 922 2109 Vide
938 2055 972 2108 et
985 2043 1093 2112 Vossii
1104 2047 1170 2122 lv,
1186 2045 1227 2128 6,

162 2165 196 2221 et
212 2153 269 2239 14,
284 2159 394 2251 operis
408 2154 560 2246 praeclari
575 2151 618 2219 de
630 2149 842 2232 Idololatria,
859 2152 918 2218 ubi
934 2151 1015 2219 locis
1029 2153 1229 2244 quibusdam

161 2259 374 2330 Halieutieon
386 2261 498 2328 lucem
512 2260 622 2328 affert.
642 2260 788 2327 Fallitur
800 2260 977 2340 Barthius‚
996 2257 1052 2352 qui
1067 2262 1230 2354 Olympio

158 2369 355 2436 Nemesiano
366 2368 433 2432 boc
447 2389 566 2458 poema
579 2366 751 2459 adscripsit
765 2368 895 2446 XLIX,
916 2393 953 2458 7,
970 2365 1149 2433 Adversar.
1166 2393 1229 2435 nec

158 2479 270 2543 minus
292 2477 423 2543 Illitius
435 2523 446 2555 ‚
477 2475 538 2565 qui
561 2475 691 2543 Gratim
719 2478 861 2543 Initium
888 2498 966 2541 vero
993 2476 1224 2559 Halieuticon,

140 2583 254 2679 'quod
270 2612 289 2651 a
305 2584 454 2652 Sertorio
469 2581 711 2670 Quadrimano,
730 2599 888 2677 tanquam
904 2610 922 2651 e
936 2587 1156 2652 vetustissimo
1173 2610 1229 2654 co-

159 2693 235 2761 diee
248 2691 469 2785 descriptum,
487 2693 615 2785 accepit
631 2692 770 2760 Hieron.
786 2694 964 2776 Columna,
979 2705 1013 2758 et
1029 2695 1064 2759 in
1078 2691 1230 2760 doctissi-

159 2804 223 2867 mis
239 2801 484 2869 commentariis
497 2795 540 2863 ad
550 2799 652 2866 Ennii
669 2796 868 2891 fragmenta,
886 2823 959 2892 pag.
977 2809 1054 2893 247.
1068 2825 1139 2892 seq.
1155 2800 1229 2868 edi-

160 2904 231 2988 dit,
248 2929 360 2973 merus
375 2917 425 2972 est
436 2904 543 2972 lucus.

202 3045 268 3112 Xl.
286 3045 343 3111 De
357 3039 693 3131 Medicaminesacrei
702 3022 930 3133 ¹fragmentum
950 3042 1094 3136 elegiaco
1110 3048 1228 3112 carmi·

159 3155 209 3221 nis
223 3177 367 3247 genere,
384 3151 479 3246 quod
492 3153 577 3218 citra
596 3173 746 3232 causam,
764 3149 903 3218 Nasonis
922 3174 991 3219 non
1004 3175 1073 3218 esse
1092 3151 1227 3220 videtur

160 3261 263 3330 doctis
276 3260 480 3357 quibusdam
492 3261 585 3328 viris.
601 3261 771 3327 Memorat
783 3257 924 3327 Ovidius
937 3262 1009 3352 ipse
1018 3261 1111 3329 Artis
1125 3264 1227 3330 Ama·

159 3374 251 3439 torie
261 3421 272 3455 ,
287 3373 357 3453 111,
375 3372 440 3439 205
458 3397 466 3437 a

322 3560 463 3632 Estmibi,
477 3581 532 3633 quo
543 3561 596 3616 dixi
609 3570 701 3617 vestre
713 3559 890 3616 medicamina
900 3558 993 3617 forme
1005 3602 1013 3628 ,

354 3651 468 3725 em,
481 3653 529 3710 aed
539 3657 603 3708 eura
614 3651 714 3725 grande
725 3649 827 3706 libellus
837 3669 910 3722 opus.

201 3832 285 3900 Xll.
304 3829 389 3898 Nus·
404 3827 517 3921 Elegia
531 3843 646 3899 utrum
659 3827 775 3898 Ovidii
787 3832 832 3897 sit
842 3853 968 3910 necne,
983 3824 1139 3894 dubitant
1151 3823 1227 3910 qui-

156 3942 233 4010 dam
249 3938 472 4007 eruditorum.
487 3938 695 4007 Nontamen
719 3948 789 4019 cst,
813 3941 909 4023 ouius
932 3933 1091 4007 Ovidium
1106 3930 1226 3995 merito

155 4049 289 4146 pudere
303 4047 418 4141 possit.
441 4045 517 4115 Hoc
537 4067 656 4136 poema
681 4058 759 4138 post
773 4046 987 4115 Dominicum
1006 4037 1152 4109 Marium
1167 4032 1227 4099 Ni-
