2768 4694
161 338 220 399 182
483 337 521 400 P.
550 335 727 403 OVIDII
752 336 883 402 VITA

157 447 280 547 'eemhri
297 500 349 546 un.
370 477 412 546 U.
433 475 471 548 C.
490 490 666 562 memet,
684 504 703 549 a
720 504 788 581 quo
803 492 950 577 tempore
962 476 1004 550 ad
1017 492 1082 566 xtx
1096 477 1228 555 Sextilis

158 587 244 662 diem
261 589 338 662 euni
356 589 589 688 subsequentis
603 588 771 663 intersunt
786 606 854 664 octo
867 616 1006 665 menses.
1036 594 1084 666 At
1109 594 1228 670 obem

158 704 320 788 vandum,
339 703 436 774 istam
459 701 633 803 epistolum
651 705 685 776 in
710 703 817 778 exsilii
835 703 928 791 loeo,
947 708 1128 806 postquam
1146 736 1229 782 nnu-

159 823 225 894 tius
243 820 283 893 de
301 819 397 891 Fabii
417 835 450 891 et
468 821 613 915 Augusti
634 836 742 893 morte
766 819 809 892 ad
832 819 991 893 Ovidium
1014 840 1229 922 pertenent,

69 1020 74 1027 ,
158 935 316 1033 scriptam
334 960 414 1005 esse.
433 933 524 1028 Ergo
543 935 674 1006 circiter
691 932 899 1033 Septembris
914 935 1040 1008 exitum
1057 937 1174 1036 potuit
1187 937 1231 1011 ei-

160 1053 322 1125 tissimum
332 1051 429 1124 mitti.
439 1053 525 1124 Tum
535 1079 613 1124 vero
624 1065 729 1124 sextus
738 1039 843 1122 exsilii
855 1050 1005 1123 unnusiu
1016 1052 1108 1124 exitu
1116 1053 1233 1127 fuisset

159 1171 226 1241 scre
244 1168 380 1240 omnino
398 1165 587 1251 absolutus,
607 1194 669 1265 pro
690 1165 813 1238 Norisii
831 1165 1001 1238 sententia.
1031 1168 1231 1243 Euctemon

161 1312 230 1355 non
248 1282 436 1376 significant
452 1280 565 1355 Ovidii
590 1278 709 1365 verbu;
732 1280 812 1379 quin
830 1281 943 1378 potius
959 1279 1044 1354 clere
1061 1283 1231 1370 indicunt,

162 1419 232 1472 tum
248 1400 375 1471 alterum
392 1397 538 1478 lostnun,
556 1422 611 1470 seu
629 1410 747 1466 sextum
765 1395 869 1467 exsilii
883 1422 1006 1469 unnum
1024 1399 1125 1473 modo
1140 1401 1232 1477 ince-

159 1514 265 1614 pisse,
283 1539 385 1611 quum
402 1510 545 1584 Ovidius
562 1537 599 1584 ea
621 1509 789 1583 scriberet.
815 1513 943 1585 ldcirro
966 1513 1045 1587 hinc
1061 1533 1175 1591 nostra
1192 1519 1232 1593 de

159 1660 245 1706 anno
265 1632 307 1703 U.
322 1631 362 1702 C.
378 1646 540 1713 ncctxtt,
557 1654 616 1701 ceu
635 1628 791 1702 Ovidieni
805 1626 912 1704 exsilii
927 1633 1073 1732 epocha,
1089 1634 1233 1709 demon-

160 1767 284 1825 stratur
307 1746 479 1821 sententia.
508 1745 639 1818 Etenim
656 1746 698 1820 ab
718 1745 861 1819 Octobri
879 1746 929 1820 vel
948 1750 1128 1824 Novembri
1143 1752 1232 1851 ejus·

160 1867 234 1940 dem
247 1865 323 1939 unni
336 1864 377 1936 ad
387 1862 581 1937 alterutrum
594 1888 739 1937 mensem
751 1890 803 1936 an.
821 1865 862 1935 U.
878 1863 916 1935 C.
933 1881 1123 1954 Dcctxvn,
1140 1895 1230 1943 com-

159 1983 285 2087 pletum
311 1983 453 2056 babetur
477 1984 614 2055 lustrum.
652 1981 812 2080 Adeoque
839 1979 971 2056 laudata
989 1984 1149 2084 epistola,
1172 2014 1229 2062 seu

159 2096 284 2194 elegia,
313 2097 480 2170 Decembri
507 2122 670 2168 summum
697 2094 795 2168 istius
819 2097 896 2168 anni
917 2099 1114 2174 concinnata
1139 2100 1227 2189 fuit;

159 2242 262 2317 quum
276 2212 471 2313 quinqueremi
490 2211 674 2316 Olympios,
697 2211 763 2284 sive
774 2208 915 2285 lustrum
929 2216 1120 2290 Romanum
1134 2216 1229 2318 quiu-

160 2358 225 2435 qne
244 2358 422 2416 annornm,
441 2329 542 2402 modo
559 2345 727 2430 peractum
744 2346 845 2413 esset,
866 2359 903 2404 nc
923 2334 1104 2407 secundum
1126 2334 1230 2409 exsilii

162 2449 316 2526 Ovidiaui
333 2445 474 2522 lustrum
485 2447 551 2546 jam
567 2447 674 2518 iniret.
690 2445 819 2518 Transit
835 2447 939 2537 enim,
953 2449 1014 2537 ait,
1030 2449 1064 2520 in
1075 2448 1230 2551 praesenti

160 2567 333 2650 nimirum,
352 2590 421 2636 non
438 2562 626 2665 preterito,
643 2576 812 2663 tempore,
830 2577 946 2659 tempus
961 2563 991 2634 ιἰι
1005 2563 1134 2638 oltcn'us
1145 2569 1234 2642 lustri

161 2697 286 2780 tempus.

211 2821 243 2867 2.
258 2795 382 2868 Eadem
395 2810 509 2866 nostre
524 2782 685 2864 sententie
698 2791 804 2864 valide
817 2821 855 2866 ex
869 2795 998 2879 Ponto,
1016 2792 1074 2866 lib.
1088 2797 1149 2883 w,
1163 2799 1226 2898 Ep.

162 2931 247 2998 xm,
265 2911 495 2995 confirmatur,
513 2909 575 2982 etsi
592 2906 632 2980 cl.
652 2910 805 2982 Norisius
818 2911 894 2984 inde
913 2938 978 2984 suae
995 2940 1100 2986 cause
1114 2915 1229 2988 subsi-

161 3031 252 3103 dium
271 3047 371 3129 petat.
391 3028 532 3102 Ovidius
550 3025 636 3098 enim
655 3027 777 3101 ibidem
796 3054 919 3101 annuum
936 3028 1040 3102 exsilii
1058 3029 1228 3105 manifeste

163 3143 312 3237 designat
327 3168 409 3215 vers.
431 3140 477 3241 39
494 3158 525 3212 et
544 3141 610 3232 40:
630 3174 632 3179 ’
836 3134 872 3175 ””“
1172 3158 1177 3166 “

395 3268 837 3340 ...sedmejom,Cnre,niraii
929 3314 935 3325 .
1008 3298 1012 3307 ·

321 3365 399 3415 &tta
414 3362 559 3432 relegatum
573 3365 660 3416 tram
670 3363 719 3418 tub
728 3381 775 3417 axe
788 3362 867 3417 videt.

162 3477 321 3580 Superius
348 3494 458 3550 numm
483 3478 597 3551 obitus
624 3479 789 3578 August&
804 3502 842 3552 uc
867 3482 1083 3555 successionis
1111 3484 1235 3559 Tiberii·

160 3595 358 3670 mentionem
371 3593 542 3690 injecerat,
556 3592 595 3665 de
605 3592 720 3668 libello
733 3592 887 3694 loquens,
904 3624 1001 3695 quem
1010 3598 1044 3670 iu
1053 3598 1228 3702 utriusque

159 3708 287 3782 laudem
305 3705 421 3779 Getico
436 3734 586 3780 sermone
597 3706 789 3808 scripserat,
803 3727 843 3782 ut
858 3709 995 3785 iuferius
1005 3710 1047 3783 ad
1059 3741 1112 3785 uu.
1129 3717 1171 3787 U.
1188 3716 1225 3789 C.

160 3845 329 3901 ncccxvu
339 3880 349 3911 ‚
366 3821 528 3924 prolixius
546 3824 766 3899 ostendemus.

209 3945 318 4040 igitur
332 3942 450 4048 hyems,
468 3966 565 4040 quam
581 3942 722 4016 Ovidius
733 3959 851 4018 sextmn
869 3947 920 4021 sui
936 3949 1041 4022 exsilii
1060 3967 1173 4038 vocat,
1189 3977 1227 4023 ea

158 4077 243 4145 erat,
261 4087 332 4160 quae
346 4054 490 4154 Augusti
504 4074 642 4153 mortem
655 4075 766 4132 secute
778 4079 845 4147 est,
863 4061 898 4135 id
914 4081 978 4150 est,
998 4091 1070 4162 quae
1084 4091 1124 4136 eo
1138 4088 1227 4135 enno
