2768 4694
177 304 238 374 no
351 286 359 297 '
501 308 539 371 e.
565 305 746 372 0v1n11
776 305 908 373 mna

169 447 281 520 Plinio
303 456 309 484 ¹
338 473 470 545 quoque
491 445 591 518 clarus
614 444 832 518 interdicendi
851 444 1009 544 mngr'stros
1036 439 1162 519 dicitnr
1177 503 1186 534 ,
1204 467 1236 523 et

81 570 85 580 '
171 559 380 659 Quintiliano
397 571 427 646 ²,
442 561 560 661 pu'mus
580 562 660 633 clun·
676 560 807 633 nomenis
822 559 983 660 professor.
1011 559 1111 633 Obiit
1128 579 1236 638 autem

170 705 257 750 anno
272 679 314 748 U.
331 677 369 748 C.
384 673 513 748 circiter
525 693 632 761 ltcct,
652 704 718 774 qno
731 703 792 776 per
805 692 1001 748 autumnum
1016 674 1113 750 desiit
1130 705 1235 752 annus

169 791 476 878 Abrahaenunn,
494 819 531 864 ac
545 790 680 891 Olymp.
696 807 801 862 cxctv
814 792 962 890 primns,
983 790 1024 862 ad
1044 819 1142 891 quem
1156 793 1235 867 Hie-

169 937 327 1008 ronymus
344 908 379 980 in
399 906 565 981 Chronico
575 906 645 979 haec
662 922 777 978 notat:
796 907 878 978 «Μ.
895 907 1034 980 Porcius
1049 908 1151 980 Latro
1168 908 1236 981 La-

172 1058 189 1088 »
210 1024 300 1097 tinus
318 1021 532 1109 declamator,
557 1021 654 1095 taedio
672 1021 815 1121 duplicis
833 1040 999 1122 quartanae
1015 1025 1235 1097 semet'inter·

173 1174 191 1205 »
212 1139 301 1214 lecit.
323 1115 360 1203 u¹

217 1261 296 1330 Non
323 1255 406 1330 adeo
433 1255 530 1327 nobis
549 1273 650 1328 notus
675 1272 724 1328 est
741 1256 792 1327 Μ.
816 1256 960 1329 Arellius
980 1255 1123 1342 Fuscus,
1155 1257 1235 1332 alter

170 1370 284 1446 Ovidii
316 1369 448 1455 rhetor,
468 1368 507 1441 de
528 1395 595 1466 quo
620 1367 741 1440 Seneca
766 1366 907 1440 liberum
932 1367 997 1439 sert
1018 1368 1178 1466 judicium
1200 1370 1235 1444 ³:

172 1524 189 1554 (ι
211 1491 292 1559 Erat
305 1484 481 1584 explicatio
493 1482 591 1556 Fusci
604 1481 721 1555 Arellii
735 1481 905 1583 splendida
919 1483 1071 1584 quidem,
1089 1486 1147 1561 sed
1161 1517 1236 1589 ope·

172 1638 188 1669 »
211 1630 284 1676 rosa
302 1617 336 1673 et
353 1598 536 1700 implicita:
556 1595 664 1671 cultus
682 1597 780 1672 nimis
795 1600 979 1700 exquisitus
1004 1630 1011 1671 :
1034 1593 1233 1703 compositio

170 1754 187 1785 n
206 1718 384 1792 verborum
409 1713 560 1800 mollior,
586 1731 647 1788 etc.
671 1748 687 1778 »
704 1714 796 1788 ldem
813 1715 985 1789 nonnullis
1002 1713 1016 1761 t
1035 1717 1178 1808 videtur,
1196 1749 1234 1794 ac

167 1834 243 1923 ille,
262 1861 359 1933 quem
375 1829 505 1904 Plinius
521 1827 532 1869 ⁵
547 1829 661 1930 prodit
678 1857 712 1904 se
728 1831 848 1906 vidisse
863 1848 975 1905 motum
989 1834 1119 1935 equestri
1128 1834 1234 1910 ordine

167 1954 207 2026 nb
224 1953 366 2050 insignem
391 1948 592 2031 columnrlun,
618 1975 659 2020 ex
684 1964 806 2048 nrgrentn
829 1952 962 2023 annulos
980 1949 1146 2025 lubentem.
1168 1952 1234 2028 Sed

170 2095 273 2169 quum
294 2065 348 2138 alii
366 2063 494 2137 codices
513 2063 676 2136 Aurelium
695 2064 834 2137 Fuscmn
850 2066 1047 2154 exhibeant,
1073 2096 1133 2141 nec
1148 2070 1233 2143 veri-

169 2179 276 2254 simile
293 2180 356 2263 sit,
386 2174 495 2248 Plinio
514 2176 526 2214 ⁶
544 2177 650 2248 visum
669 2204 740 2250 csse
758 2176 922 2252 rhetorem
940 2180 1002 2252 sub
1026 2182 1180 2276 Augusto
1198 2181 1231 2255 in

171 2295 284 2370 Ovidii
314 2291 533 2366 adolescentia
560 2290 788 2392 profitentem,
812 2295 914 2369 satius
940 2296 1021 2368 mihi
1038 2297 1169 2371 videtur
1184 2327 1233 2371 as·

171 2439 302 2486 sensnm
321 2409 383 2481 hac
403 2407 437 2480 in
455 2436 489 2481 re
507 2407 670 2480 cohihere.

218 2527 278 2598 lll.
297 2523 391 2621 Quin
406 2540 436 2595 et
456 2521 601 2596 Athenas
616 2519 801 2593 studiomm
823 2551 918 2596 causa
940 2525 1031 2598 Naso
1048 2525 1164 2623 petiit,
1184 2528 1233 2630 ip-

172 2659 279 2716 somet
294 2640 454 2726 docente,
471 2637 572 2709 Trist.
592 2634 651 2707 lih.
669 2638 704 2724 l,
721 2635 813 2732 Eleg.
833 2659 879 2726 11,
896 2667 977 2712 vers.
995 2668 1036 2740 77
1055 2671 1061 2712 :

337 2787 393 2839 Nec
404 2795 479 2853 peto,
493 2801 556 2852 quas
569 2781 702 2850 quondam
715 2783 776 2851 petii
788 2789 928 2846 studiosus,
939 2787 1063 2839 Athenas.

173 2907 220 2977 At
236 2902 325 2975 alind
342 2919 471 2999 tempus
490 2899 684 2999 spectaverit
700 2899 780 2988 iter,
801 2929 867 3000 quo
886 2930 920 2974 se
940 2901 1056 2976 Siciliae
1079 2904 1230 3003 Asiaque

174 3017 272 3091 urbes
288 3013 502 3116 perlustrasse
518 3012 616 3109 canit.
634 3013 761 3088 lbidem
778 3013 863 3088 enim
880 3017 1073 3114 subjungit:

336 3157 442 3228 Oppida
452 3176 507 3210 non
519 3157 605 3220 Arete,
620 3178 674 3213 non
687 3161 743 3214 loca
752 3160 805 3214 visa
818 3159 888 3230 prius
902 3179 908 3212 :

173 3296 204 3351 et
222 3305 261 3350 ex
277 3276 375 3348 Pont.
394 3271 451 3346 lib.
467 3273 521 3360 ll,
539 3272 647 3374 Epist.
667 3295 688 3348 x
703 3273 744 3348 ad
759 3275 928 3361 Macrum,
946 3303 1027 3348 vers.
1049 3301 1089 3345 21
1111 3308 1118 3349 :

206 3452 214 3480 ¹
234 3446 302 3499 Hier.
314 3445 375 3498 Nat.
387 3441 430 3495 lib.
443 3442 513 3509 XX,
527 3464 582 3514 cap.
599 3448 636 3511 ¹4·

154 3538 159 3572 ¹
205 3538 217 3565 ²
233 3528 400 3585 Institutlih.
413 3528 451 3594 X,
468 3549 522 3599 cap.
537 3535 559 3584 5.

205 3619 216 3650 ³
233 3615 311 3671 Praet.
326 3612 369 3666 lib.
382 3613 409 3668 ll
427 3612 554 3666 Controv.

206 3707 216 3742 ⁶
234 3705 289 3758 Nic.
303 3702 389 3755 Fahro
400 3701 461 3754 Not.
471 3711 497 3752 et
507 3697 577 3752 And.
591 3697 713 3763 Schotto,
723 3696 756 3750 de
770 3696 810 3750 Cl.
818 3699 886 3767 apud
897 3700 959 3754 Seu.
968 3700 1046 3754 Rhet.
1057 3721 1112 3772 pag.
1123 3706 1146 3756 h.

207 3787 218 3820 ⁵
234 3787 289 3839 Lib.
301 3784 421 3839 XXXlll
432 3802 506 3851 ,cap
523 3802 559 3833 na.

207 3867 218 3904 ⁶
235 3869 316 3921 Natus
332 3865 385 3921 scil.
403 3875 459 3915 erat
470 3883 511 3916 an.
525 3864 560 3916 U.
573 3861 605 3916 C.
619 3877 753 3915 ncctxxvt
771 3875 898 3932 excunte,
922 3868 962 3920 vel
974 3887 1015 3921 an.
1031 3885 1175 3925 uccnxxvu
1187 3873 1228 3925 la·-

176 3956 273 4015 hcnte,
287 3961 368 4020 xpost
381 3946 491 4014 Augusti
499 3944 600 3997 obitum
613 3946 702 4005 annise
713 3946 807 4016 quippe
819 3950 861 4017 qui
873 3950 937 4004 ohiit
950 3953 1177 4023 Angustomense,
1187 3974 1228 4009 an.

179 4046 340 4095 heccum,
350 4028 431 4083 erato
440 4033 543 4079 sextoet
550 4031 750 4093 quinquaeesinro
758 4047 765 4080 :
773 4028 825 4084 vid.
834 4032 889 4084 Vit.
902 4032 979 4086 Plinii
988 4035 1042 4103 jun.
1051 4035 1083 4087 ad
1095 4035 1212 4088 huncan.
