2768 4694
168 323 231 390 106
491 327 530 391 P.
558 325 738 396 OVlDlI
762 327 901 393 VITA

161 480 194 537 et
207 480 303 558 togas
315 460 445 551 viriles,
462 461 564 539 fuisse
580 465 685 552 albus,
707 496 744 542 ea
759 467 891 567 quidem
909 455 1112 562 Quintiliani
1127 484 1161 539 et
1173 468 1232 542 Ci-

160 577 290 652 ceronis
308 574 398 665 loca,
417 579 542 679 quibus
561 582 733 656 Manutius
749 583 860 656 miuus
878 581 1020 670 fidebat,
1038 581 1080 655 ad
1097 611 1232 664 examm

158 712 305 783 revocat,
322 711 361 768 ut
369 723 407 768 ea
418 694 471 768 illi
482 696 602 798 eripiat
618 708 641 770 ¹.
657 699 722 773 Sed
733 699 845 773 deboc
853 699 997 773 Nasonis
1005 697 1081 797 locu
1092 728 1233 802 prorsus

161 806 245 882 silet.
274 806 446 883 Addamus
461 809 582 904 igitur,
606 812 684 885 binc
697 841 766 886 non
783 814 889 908 magis
906 811 1064 914 probari,
1083 816 1233 893 mnium

160 919 355 996 laticlaviam
372 923 508 1000 omnino
519 953 707 1026 purpureum
725 927 849 1014 fuisse,
868 955 966 1027 quam
983 926 1089 1002 evinci
1110 955 1229 1028 pesse,

154 1053 258 1137 ¹tagum
269 1038 417 1138 puerilem
433 1040 580 1140 ejusdem
598 1070 731 1142 quoque
750 1041 872 1117 coloris
888 1041 1009 1128 firiase,
1027 1069 1067 1116 ex
1083 1069 1124 1116 eo
1139 1043 1230 1144 quod

156 1178 243 1258 sepe
257 1157 326 1231 haee
341 1155 454 1257 poetis
463 1186 605 1258 purpura
619 1159 749 1233 dicitur.
779 1159 953 1234 Manutius
969 1160 1042 1262 ipse
1059 1174 1136 1235 'cum
1155 1161 1229 1237 aliia

158 1289 288 1360 censet,
307 1289 419 1366 togam
434 1272 736 1374 banc,proeteetaru
751 1277 874 1375 passim
891 1275 1031 1362 dictam,
1047 1275 1135 1349 nibil
1149 1305 1230 1378 pur·

157 1415 297 1488 pureum
324 1385 478 1460 babuisse
494 1405 617 1488 prater.
637 1387 796 1477 limbum,
818 1390 875 1491 qui
902 1408 1025 1465 vestem
1050 1409 1230 1468 extremam

156 1499 340 1585 ambiebat,
355 1496 443 1572 uude
454 1515 621 1599 proeteetoe
632 1528 763 1575 numen.
779 1504 873 1599 Quin
886 1503 983 1578 etiam
991 1502 1132 1605 prelatis
1148 1504 1228 1606 plu-

154 1618 250 1692 ribus
268 1635 306 1691 ut
320 1616 354 1690 id
367 1617 528 1719 probaret
544 1618 649 1704 loeis,
666 1620 885 1720 objectionem
905 1649 945 1695 ex
960 1621 1028 1696 alio
1045 1621 1140 1696 Statii
1160 1639 1227 1697 tes-

157 1734 318 1822 timonio,
342 1733 421 1807 buie
442 1733 608 1809 Ovidiauo
636 1737 814 1837 persimili,
838 1738 974 1839 petitam
997 1736 1044 1812 sic
1071 1736 1171 1812 sulrit
1186 1748 1224 1813 ²:

160 1884 176 1916 u
196 1854 281 1925 Nam
299 1851 326 1922 si
344 1850 439 1951 quis,
468 1879 570 1950 quum
598 1850 717 1947 legerit
733 1878 862 1927 versum
880 1853 977 1928 Statii
994 1852 1082 1954 Sylr.
1099 1853 1160 1930 lib.
1178 1859 1222 1946 V,

154 1952 177 2031 l»
198 1968 299 2066 (Car.
318 1987 364 2055 11,
387 1995 470 2042 vers.
489 1967 585 2066 67):

317 2109 373 2162 Nec
386 2108 478 2162 saltem
490 2109 586 2162 teneris
596 2119 699 2163 ostrum
709 2108 809 2180 puerile
821 2108 923 2163 lacertis

319 2197 399 2252 Exuit
410 2218 416 2251 :

160 2346 177 2376 u
197 2326 325 2384 usuum
352 2309 440 2384 dicat
465 2340 528 2412 pru
551 2329 621 2385 tuta
644 2339 792 2413 purpura
818 2328 974 2412 praetexta
1000 2331 1220 2412 usurpatum;

159 2461 175 2492 »
194 2427 468 2530 respondebitur,
483 2449 593 2526 togam
610 2429 744 2530 quidem
757 2427 932 2530 puerilem,
949 2428 984 2501 id
998 2447 1066 2517 est,
1080 2451 1223 2530 praetex-

158 2580 176 2613 »
197 2564 262 2622 tam
287 2547 446 2636 indicari,
467 2549 560 2647 cujus
580 2548 616 2620 in
642 2545 748 2621 limbo
769 2563 899 2634 ostrum,
929 2546 963 2620 id
988 2565 1055 2636 est,
1073 2578 1223 2652 purpura

157 2701 173 2731 r
193 2665 405 2754 cernebatur,
424 2695 495 2740 uon
512 2684 620 2767 tamen
634 2666 699 2739 boc
718 2663 800 2751 dici,
820 2683 920 2741 totam
937 2684 1127 2766 praetextam
1142 2699 1222 2770 pur·

159 2816 176 2845 ¹»
194 2810 331 2883 puream
347 2783 458 2857 luisse.
477 2817 494 2847 »

203 2895 295 2970 ldem
313 2896 353 2971 de
369 2894 521 2970 Juvenali
546 2894 727 2997 Persioque
753 2895 951 2984 dicendum,
979 2897 1037 2996 qui
1048 2925 1218 2998 purpuram

155 3041 217 3114 pro
232 3029 390 3113 pratexta
404 3028 623 3112 usurpatum;
638 3010 694 3086 ille
710 3014 777 3087 Sat.
795 3032 835 3099 x,
855 3039 937 3085 vers.
963 3008 1052 3102 154:

334 3151 446 3222 Ingenui
459 3149 545 3204 vultus
553 3170 628 3219 puer,
640 3124 800 3221 ingenuique
812 3145 934 3218 pudoris,

334 3243 434 3312 Quales
445 3260 499 3295 etse
512 3241 602 3309 deuet,
615 3261 680 3311 quos
691 3239 785 3295 ardeus
793 3258 902 3309 purpura
914 3241 998 3293 restit.

157 3357 306 3446 Persius,
325 3359 392 3432 Sat.
407 3377 442 3447 v,
459 3388 540 3433 vers.
561 3357 631 3431 30:

336 3497 432 3568 Quum
442 3498 558 3568 primum
568 3497 662 3567 parido
672 3506 756 3553 cuatus
765 3495 832 3551 milti
838 3514 948 3566 purpura
958 3495 1041 3550 cessit.

156 3618 264 3713 Igitur
288 3645 391 3716 quum
403 3643 545 3716 purpure
562 3615 756 3717 simpliciter
778 3633 915 3691 rotetur
937 3631 1014 3710 toga
1040 3627 1217 3714 praetexta,

156 3765 228 3836 qua
241 3734 277 3807 in
290 3750 434 3808 extrema
447 3750 574 3806 tantum
588 3761 645 3806 ura
659 3759 839 3835 purpuram
851 3748 1057 3831 pretextam,
1071 3729 1138 3805 sire
1151 3731 1217 3804 cir·

156 3865 352 3923 cumtextam
369 3847 525 3935 baberet;
545 3846 661 3946 quidni
685 3845 982 3948 potneritvpurpuru
1002 3875 1135 3949 quoque
1151 3843 1215 3918 dici

189 4018 196 4045 ¹
215 4013 257 4066 De
271 4015 311 4067 Re
324 4013 457 4080 vestiaria,
470 4011 512 4065 lib.
527 4011 585 4077 ΙΙΙ,
601 4031 655 4082 cap.
672 4029 710 4064 ιο.

187 4099 198 4127 ²
216 4099 305 4166 Ques.
319 4119 367 4168 per
379 4099 461 4169 Epist.
470 4097 514 4152 lib.
527 4096 569 4164 ll,
582 4117 636 4167 cap.
650 4118 669 4150 r.
