2768 4694
142 366 200 456 '70
441 366 482 430 s.
514 363 690 435 ovrurr
714 354 939 434 uaso‘nr‘s
1029 368 1032 374 ·

320 498 437 556 Pleiades
447 512 507 557 aute
521 519 591 575 genu
602 513 703 573 septem
715 504 817 559 radiare
825 505 965 571 tenantur,

320 594 372 648 Sex
385 604 488 648 tautum
500 606 626 666 apparent
637 616 643 650 :
653 596 702 649 sub
713 615 793 667 opaca
800 597 911 666 septima
921 599 992 652 nube
1005 609 1053 653 ert.

509 695 643 762 Puouus,
662 696 690 750 in
711 699 835 766 Georgica
855 701 969 766 Vr'rgr‘lr'e',
987 697 1015 751 in
1031 698 1106 768 cujus
1119 701 1227 774 vulgatis

551 778 623 832 libris
634 777 662 832 lri
677 798 766 834 versus
777 779 982 850 depravatissimi
992 779 1124 852 kquutur.

158 919 198 988 ln
225 911 384 1013 Priapeiis
411 912 560 1012 quadam
578 913 693 987 Ovidii
714 915 806 1012 (vid.
821 917 913 988 Bart.
931 916 972 990 ad
995 917 1161 1006 Statium,
1184 920 1224 1006 l,

159 1038 266 1112 Theb.
292 1038 388 1137 229)
415 1054 558 1124 exstare,
583 1037 703 1110 eruditi
721 1038 934 1112 arbitrantur.
958 1042 1009 1112 Ex
1028 1038 1089 1113 illo
1111 1059 1224 1130 certe,

161 1163 255 1261 cujus
272 1162 426 1247 initium,
458 1159 595 1234 Obscure
605 1176 744 1259 poteram
763 1162 822 1237 a'bi
832 1161 943 1248 dicere,
969 1163 1093 1238 Seneca
1107 1182 1225 1265 pater,

162 1283 221 1357 lib.
238 1286 275 1370 l,
303 1285 512 1356 Controvers.
540 1307 561 1352 2
576 1282 687 1369 ,huuc
706 1311 835 1357 versum
851 1285 1009 1362 adducit:

359 1446 434 1499 Dum
445 1446 521 1500 timet
533 1445 638 1500 alterius
648 1446 742 1500 vulnus
752 1448 841 1518 inepta
851 1449 909 1505 loci.

165 1576 307 1662 Servius,
317 1574 353 1648 in
363 1573 484 1670 Georg.
498 1575 558 1661 lV,
568 1573 625 1648 ubi
634 1573 704 1670 agit
713 1573 753 1647 de
766 1576 942 1678 Eurydice,
952 1575 1030 1654 citat
1039 1607 1080 1654 ex
1093 1572 1229 1671 ovidio,

421 1731 465 1786 Bis
476 1732 591 1802 rapitur,
606 1731 719 1803 vixitque
730 1734 831 1802 semel,

168 1863 258 1962 quod
274 1861 309 1934 in
325 1879 457 1935 auctore
472 1878 588 1933 nostro
604 1889 691 1935 nunc
708 1892 873 1964 nusquam
889 1884 1064 1967 comparet.

216 1984 414 2058 scholiastes
428 2002 521 2057 vetus
539 1986 671 2058 Horatii
688 1986 731 2059 ad
746 1986 803 2060 lib.
828 1991 881 2076 ll,
904 1991 970 2063 Od.
995 1990 1043 2063 5:
1071 2024 1089 2057 «
1115 1991 1230 2094 Gyges

167 2137 288 2182 nomen
304 2107 397 2208 pueri
418 2136 455 2180 ex
473 2108 582 2182 insula
600 2110 707 2183 Cnido
725 2112 844 2184 Veneri
867 2132 976 2200 sacru3
1003 2113 1101 2212 hujus
1118 2134 1229 2191 autem

170 2233 263 2334 pueri
276 2229 555 2333 pulchritudinem
572 2232 684 2305 laudat
696 2233 793 2306 etiam
807 2235 957 2309 Ovidius.
976 2271 992 2301 »
1007 2238 1111 2337 Atqui
1122 2238 1157 2311 in
1168 2241 1227 2329 iis,

172 2384 243 2456 qua
260 2372 401 2442 exstant,
418 2354 529 2429 laudat
545 2354 674 2428 nullibi.

220 2477 466 2576 Quintilianus,
483 2478 543 2552 lib.
558 2482 641 2566 Xll,
652 2506 722 2577 cap.
743 2505 785 2551 10
801 2509 809 2551 :
827 2514 843 2544 «
861 2479 925 2553 Sed
935 2501 1130 2555 evanescunt
1142 2483 1228 2573 baec,

170 2622 268 2704 atque
287 2602 491 2676 emoriuntur
511 2598 754 2701 comparatione
772 2600 963 2689 meliorum,
984 2621 1020 2675 ut
1037 2601 1109 2675 lana
1128 2606 1229 2680 tincta

55 2782 60 2790 .
171 2727 248 2801 fuco
265 2727 346 2800 citra
363 2751 544 2826 purpuram
560 2721 667 2822 placet
682 2752 690 2796 ε
704 2740 739 2794 at
755 2723 782 2796 si
801 2722 978 2798 contuleris
991 2754 1061 2799 eam
1072 2724 1227 2815 lacerna,

173 2868 350 2949 conspectu
363 2846 508 2920 melioris
525 2847 699 2933 obruatur,
716 2865 755 2919 ut
766 2846 906 2920 Ovidius
920 2850 975 2921 ait.
995 2883 1012 2914 »
1041 2851 1125 2947 Quae
1135 2849 1228 2923 nullo

174 2972 307 3064 negotio
324 2971 357 3041 in
374 2988 514 3044 metrum
532 2969 658 3044 redacta
674 2971 819 3056 iambum
834 2971 994 3066 tragicum
1011 2972 1172 3062 efficient,
1197 2991 1230 3047 et

176 3093 261 3167 duos
273 3091 562 3193 hendecasyllabos
577 3123 585 3164 :

440 3259 479 3312 Ut
491 3257 549 3312 lana
560 3258 641 3311 tincta
652 3276 795 3328 purpuram
802 3257 867 3311 citra
876 3258 973 3326 placet:

439 3350 476 3403 At
488 3352 509 3403 si
521 3350 662 3406 contuleris
673 3369 731 3403 eam
743 3349 867 3417 lacerna,

436 3439 586 3511 Conspectu
599 3440 712 3495 melioris
724 3440 857 3495 obruatur.

176 3568 217 3640 ln
234 3565 331 3639 Notis
349 3564 435 3638 enim
457 3563 498 3636 ad
521 3564 628 3664 Epist.
650 3592 687 3667 7,
706 3591 912 3638 communem
932 3592 1001 3638 esse
1025 3561 1173 3638 ultimam
1197 3567 1232 3639 in

176 3687 349 3772 contuleris,
374 3685 510 3772 dederis,
536 3685 709 3773 credideras,
739 3704 772 3759 et
795 3686 958 3759 similibus
985 3684 1142 3787 syllabam
1162 3717 1233 3762 mo·

175 3841 299 3885 nemus.

225 3941 367 4022 Seneca,
388 3936 594 4008 Controvers.
622 3960 685 4020 10,
704 3961 743 4006 ex
766 3929 997 4007 declamatione
1018 3932 1129 4007 Ovidii
1150 3959 1233 4030 qua-

178 4059 250 4133 darn
267 4060 335 4135 baec
351 4058 529 4162 producit:
548 4092 565 4124 α
581 4056 751 4158 Quicquid
763 4054 889 4132 laboris
902 4076 968 4145 est,
985 4058 1021 4131 in
1034 4055 1097 4129 boc
1112 4070 1181 4141 est,
1197 4070 1235 4126 ut
