2768 4694
175 354 219 445 98
503 354 541 417 P.
572 351 752 420 ovtnn
775 350 913 419 vcra

173 510 208 566 et
221 490 381 567 Tristinm
395 490 454 565 lib.
473 492 527 579 tl,
546 519 628 567 vers.
652 516 739 577 ιιο,
756 488 913 562 dedomo
930 516 1011 563 sua:

366 653 450 706 Parra
463 653 569 723 quidem
582 653 673 722 periit,
689 652 735 706 sed
744 653 800 705 sine
813 651 887 717 labe,
901 649 1003 704 domus.

333 742 377 798 sic
389 761 495 813 quoque
509 763 587 813 parva
601 754 701 809 tamen,
709 748 795 810 patratu
805 741 908 797 dicatur
918 752 948 796 ut
959 759 1015 797 nro

367 832 480 902 Cultu,
492 854 543 888 nee
556 833 632 889 ullius
642 839 774 888 nobilitate
784 833 885 901 minor,
899 844 949 888 etc.

168 970 309 1072 deniqne
327 969 386 1043 lib.
403 973 452 1044 IV
469 999 509 1045 ex
524 969 656 1058 Ponto,
673 967 767 1065 Eleg‚
786 988 876 1055 Vnt,
892 996 974 1043 vers
997 995 1038 1069 17
1058 986 1092 1043 et
1113 970 1157 1044 18
1176 1005 1183 1044 :

332 1133 386 1187 Seu
396 1152 475 1201 (enus
485 1133 611 1199 excutias,
623 1136 732 1202 equites,
749 1131 781 1184 ab
791 1131 892 1201 origine
904 1131 1002 1200 prima,

366 1224 458 1292 Usque
469 1228 666 1293 peremimus
678 1222 846 1276 inveniemur
856 1239 926 1275 aros.

32 1363 35 1369 ⁴
133 1434 140 1440 .
166 1361 289 1463 quibus
304 1359 413 1460 palam
431 1376 497 1446 est,
516 1362 680 1434 Nasonem
699 1377 850 1434 nostrum
876 1387 943 1432 non
969 1357 1071 1432 modo
1094 1365 1236 1465 equuus

163 1476 266 1550 fuisse
283 1475 428 1564 ordinis,
447 1473 504 1550 sed
521 1493 606 1550 etex
622 1474 709 1564 iltis,
729 1474 786 1577 qui
801 1474 845 1548 ob
859 1474 990 1572 generis
1006 1475 1235 1577 antiquitatem

166 1591 247 1667 dicti
262 1592 416 1667 videntur
432 1593 560 1693 equites
575 1591 730 1694 splendidi
736 1651 745 1677 ,
766 1592 905 1693 speciosi,
924 1592 1056 1667 illustres
1071 1593 1157 1689 ¹,uti
1167 1596 1235 1699 jam

162 1711 199 1784 in
216 1712 347 1787 Horatii
371 1710 449 1786 Vita
468 1721 480 1749 ²
499 1712 704 1798 notavimus,
724 1709 822 1784 simul
838 1739 877 1784 ex
900 1728 1018 1785 nostro
1039 1729 1232 1803 monentes,

160 1827 262 1900 hosce
279 1825 419 1899 multum
437 1824 510 1898 aliis
526 1825 666 1898 fortuna
680 1852 739 1899 seu
751 1823 875 1898 militie
884 1851 1018 1898 munere
1031 1825 1126 1901 sactis
1137 1829 1233 1928 equi-

163 1942 256 2016 tibus
281 1939 511 2042 praecelluisse.
540 1941 635 2015 Unde
652 1959 721 2028 est,
742 1939 832 2041 quod
851 1940 992 2015 Ovidius
1010 1942 1045 2014 in
1061 1942 1231 2018 mulierem

161 2056 352 2145 invehitur,
371 2086 444 2158 quae
460 2054 560 2129 alium
577 2055 694 2132 militia
710 2085 817 2157 nuper
832 2056 872 2130 ad
884 2076 1068 2157 equestrem
1081 2058 1230 2132 ordinem

159 2189 352 2272 promotum
379 2172 443 2273 ipsi
465 2171 675 2272 pretulerat‚
702 2173 817 2245 Amor.
838 2171 896 2245 tib.
922 2175 991 2263 Ill,
1015 2172 1108 2269 Eleg.
1137 2194 1227 2262 vm,

159 2316 243 2364 vers.
262 2315 285 2388 9
301 2305 334 2361 et
350 2315 437 2388 sqq:

321 2453 390 2507 Eoce
400 2472 485 2507 recens
497 2457 580 2514 dhes,
601 2463 677 2522 parto
688 2473 736 2520 per
747 2459 851 2507 vulnera
862 2472 957 2519 censu,

356 2546 502 2600 Praesertur
513 2544 588 2599 nobis
598 2545 725 2614 sanguine
736 2557 823 2614 postus
834 2564 921 2614 eques,
935 2556 983 2599 etc.

160 2708 232 2782 que
254 2706 331 2753 vero
355 2679 397 2753 ad
420 2679 510 2752 hunc
535 2677 684 2750 ordinem
702 2680 895 2780 spectabant
909 2679 983 2777 jura
999 2696 1032 2751 et
1049 2677 1226 2768 instituta,

155 2797 270 2898 plnres
287 2795 298 2835 ³
317 2797 382 2896 jam
401 2797 603 2879 docuerunt,
623 2822 684 2868 nec
700 2796 799 2894 hujus
817 2814 866 2870 est
879 2794 943 2871 loci
960 2826 1027 2872 rem
1041 2800 1226 2875 accuratius

157 2913 331 2988 discutere.

205 3033 264 3103 Vl.
284 3031 383 3103 Pater
400 3047 434 3102 et
449 3044 552 3101 mater
569 3027 676 3101 adhuc
698 3029 733 3101 in
750 3027 832 3100 vivis
849 3047 960 3115 erant,
985 3058 1087 3129 quum
1108 3051 1227 3110 noster

157 3145 313 3219 scriberet
339 3147 453 3218 Amor.
482 3139 541 3215 lib.
565 3144 600 3231 Ι,
625 3142 717 3239 Eleg.
735 3162 787 3217 111.
806 3142 894 3240 (vid.
912 3143 996 3217 infra
1018 3173 1093 3220 ann.
1119 3151 1162 3222 U.
1183 3153 1221 3226 C.

157 3256 566 3356 nccxxx1v,n.3.)1tec
586 3273 725 3333 mortem
748 3258 814 3334 nisi
835 3276 929 3332 aetate
949 3281 1102 3361 proveeta
1127 3266 1222 3344 obie-

156 3395 253 3468 runt,
271 3377 365 3479 prior
375 3374 430 3449 ille
438 3376 503 3475 jam
512 3373 772 3471 nonagenarius,
787 3391 866 3476 post
880 3395 1002 3464 mater,
1021 3395 1118 3478 atque
1131 3399 1221 3460 uter·

158 3522 221 3593 qne
235 3511 312 3566 ante
324 3491 384 3565 lilii
399 3489 547 3565 exsilium
564 3520 571 3564 :
586 3476 686 3566 Tsist
706 3488 764 3563 lib.
784 3492 844 3580 lt,
856 3488 948 3587 Eleg.
965 3514 1007 3579 x,
1025 3520 1107 3567 vers.
1126 3522 1169 3597 77
1187 3529 1196 3572 ε

190 3695 200 3725 ¹
217 3689 259 3743 De
273 3689 367 3758 quibus
378 3688 504 3742 nonnulla
514 3700 590 3744 notat
602 3687 701 3760 Lipsius
711 3686 745 3741 ad
756 3687 840 3742 Tacit.
854 3688 951 3744 annal.
968 3690 1026 3759 xl,
1045 3712 1100 3762 cap.
1116 3697 1146 3761 4,
1162 3712 1219 3763 qu·

156 3773 232 3828 nobis
243 3791 298 3825 non
310 3771 428 3841 placent,
440 3771 486 3826 sed
497 3772 635 3826 confutare
646 3790 694 3841 per
708 3782 830 3825 nostrum
841 3791 895 3826 non
907 3771 967 3829 lieet
977 3775 1134 3830 institutum.

186 3860 199 3891 ²
215 3857 278 3927 Pag.
293 3857 376 3922 nlet
385 3874 439 3927 seq.

188 3938 200 3971 ¹
216 3937 278 3992 vid.
292 3934 383 3991 Rosin.
397 3935 526 4004 antiquit
538 3935 581 3990 tib.
594 3937 607 3991 l
615 3975 623 4003 ,
635 3953 690 4005 etp.
703 3955 745 4005 173
760 3936 839 3992 Joan.
853 3939 953 3996 Anton.
963 3943 1123 4009 valuimus,
1136 3942 1168 3995 de
1178 3945 1219 3999 Re

159 4019 290 4074 mittetis.
303 4019 364 4086 111,
382 4037 437 4089 cap.
450 4021 485 4087 4;
504 4017 573 4089 Lips.
593 4018 626 4072 de
645 4017 724 4072 Mitis.
739 4020 819 4074 Rom.
841 4022 884 4077 tio.
900 4023 968 4079 nist.
982 4027 1024 4088 V;
1043 4024 1169 4079 Alexand.
1187 4026 1219 4080 ab

157 4102 321 4169 Alexandro,
334 4103 376 4158 tit.
392 4101 436 4170 11,
448 4121 503 4173 cap.
515 4122 562 4175 ιθ,
573 4120 634 4158 curn
646 4100 735 4174 Tiraq.
744 4103 806 4162 Not.
813 4115 861 4161 etc.
