2768 4694
392 354 461 425 DE
483 355 523 422 Ρ.
550 355 748 424 OVIDIO
770 355 992 425 NASONE.
1165 360 1225 429 331

154 495 292 600 quoties
299 494 428 572 Tibulli
442 496 585 570 carmina
601 494 696 591 lego,
713 495 797 571 nihil
811 496 955 600 amplius
969 500 1104 600 requiro
1122 530 1231 604 neque

154 614 338 689 venustatis
352 670 362 701 ,
376 640 482 714 neque
499 610 668 708 elegantiae
688 641 697 685 ε
720 604 906 688 doctrinam
927 633 1035 690 autem
1062 633 1097 690 et
1121 619 1230 692 erudi·

156 732 283 807 tionem
309 728 464 804 admiror.
496 728 621 804 Omnia
647 744 716 802 arte
742 729 924 831 studioque
948 758 1079 805 summo
1102 730 1232 808 elimata

155 845 239 918 mibi
254 843 419 918 videntur.
436 845 555 943 Itaque
569 839 605 913 in
618 840 760 915 maxima
772 841 944 931 facilitate,
962 839 1020 917 illa
1033 860 1142 918 tamen
1155 873 1233 920 cura

156 962 395 1038 elaborationis
406 978 441 1037 et
453 959 632 1056 diligentia
645 960 859 1060 conspicitur.
875 961 987 1035 Verba
999 962 1144 1064 optima,
1155 988 1233 1037 sen-

158 1080 265 1155 tentiae
282 1078 477 1180 exquisita,
491 1073 693 1175 compositio
709 1076 886 1164 omnibus,
903 1094 942 1152 ut
956 1078 1067 1167 aiunt,
1084 1082 1231 1156 numeris

154 1195 311 1297 perlecta.
328 1197 381 1268 Ex
399 1222 467 1295 quo
485 1217 618 1266 necesse
634 1208 683 1263 est
695 1191 760 1264 hoc
774 1209 1014 1293 consequatur,
1033 1195 1175 1270 carmina
1192 1214 1231 1271 ut

154 1312 225 1385 sint
237 1328 273 1384 et
290 1338 435 1399 mucra,
453 1325 487 1384 et
501 1305 691 1409 splendida,
709 1325 742 1381 et
759 1309 929 1383 concinna.
958 1309 1053 1406 Quid
1069 1328 1177 1385 autem
1194 1313 1230 1385 in

156 1428 304 1516 Ovidis,
323 1426 523 1528 querelans
539 1426 687 1500 eminet?
705 1426 854 1502 Primum
866 1426 993 1523 ingenii
1007 1445 1098 1502 tanta
1110 1430 1175 1519 vis,
1189 1458 1227 1505 ac

158 1559 228 1615 tarn
247 1538 370 1636 agiles,
389 1558 520 1643 tamque
535 1537 656 1614 celeres
673 1557 804 1629 motus,
823 1557 890 1614 tam
902 1559 1056 1643 prompta
1071 1541 1225 1633 facultas,

156 1673 251 1732 tanta
265 1656 397 1732 bonitas
413 1655 449 1730 in
471 1655 533 1732 bac
554 1674 649 1758 parte
669 1673 819 1746 natura,
836 1674 876 1730 ut
892 1655 927 1729 in
943 1655 1031 1732 sacili
1053 1676 1087 1733 et
1101 1676 1227 1734 ertem-

155 1769 265 1876 porali
290 1784 407 1869 gener'e
429 1770 602 1873 quodam,
628 1768 715 1843 nibil
735 1769 881 1873 reperias
904 1798 973 1846 non
997 1770 1108 1848 solum
1136 1773 1227 1874 quod

156 1886 289 1990 scriptis
306 1884 395 1962 illius
413 1887 596 1974 anteferre,
623 1884 682 1959 sed
705 1911 748 1958 ne
768 1883 919 1958 conferre
942 1886 1075 1987 quidem
1096 1888 1226 1993 possis;

155 2001 241 2076 nihil
254 2002 289 2078 in
302 2001 369 2080 illis
378 2003 575 2092 sollicitum,
589 2000 675 2077 nihil
688 2001 878 2103 quaesitum,
892 2000 977 2078 nihil
988 2006 1132 2080 anxium.
1144 2006 1227 2082 Sen-

158 2119 376 2197 tentiis-verba
388 2140 568 2220 urgentur,
581 2120 682 2196 rerba
694 2119 873 2195 sententias
887 2121 1036 2195 incitant.
1051 2121 1152 2199 Nulla
1165 2152 1226 2199 co·

156 2238 229 2340 pia,
245 2238 375 2315 nullum
400 2254 648 2324 ornamentum,
665 2234 758 2310 nulla
773 2235 914 2331 insignia
938 2255 1019 2313 sunt
1040 2240 1223 2328 orationis,

156 2384 229 2456 quae
242 2384 314 2430 non
330 2354 527 2448 investigata
543 2352 676 2454 quidem
688 2370 747 2426 aut
760 2351 947 2451 conquisita
962 2355 1084 2430 suerint
1102 2354 1144 2429 ab
1160 2358 1224 2431 boc

153 2487 275 2569 poeta,
293 2468 349 2542 sed
367 2494 440 2568 que
454 2494 526 2539 non
541 2466 592 2540 illi
605 2464 696 2541 ultro
712 2466 917 2543 occurrerint
933 2486 965 2542 et
980 2463 1222 2568 subpetieriut3

156 2601 196 2659 ut
207 2584 273 2682 jam
282 2580 451 2684 aliquibus
459 2580 641 2657 sastitlrosis
648 2581 786 2672 scilicet,
798 2582 975 2656 offensioni
987 2584 1108 2679 magis,
1125 2614 1222 2685 quam

156 2698 366 2773 delectationi
389 2698 460 2772 bac
486 2725 557 2773 esse
579 2697 726 2789 soleant,
744 2719 777 2776 et
804 2698 912 2775 dolori
928 2698 1065 2788 invidis,
1089 2729 1129 2777 ex
1153 2729 1222 2802 quo

156 2813 361 2888 obtrectatio*
371 2811 494 2889 alienas
513 2813 605 2913 quasi
620 2811 751 2888 divitias
765 2815 930 2890 insectans
946 2816 1100 2891 nascitur.

422 3115 623 3191 POETAE
653 3114 957 3204 ELEGIACI,

463 3290 612 3355 (accron
622 3301 746 3342 snouoro
759 3287 918 3352 rmrcro.)

320 3428 374 3483 Etr
387 3426 472 3498 gravis
481 3437 508 3481 et
520 3425 621 3493 cultris,
635 3443 755 3495 puroque
766 3423 913 3477 simillimus
926 3425 1016 3494 amni,

349 3518 495 3588 Dulciaque
507 3515 613 3587 eloquio
622 3517 702 3571 verba
713 3513 834 3570 Tibullus
846 3513 934 3570 babet.

321 3607 408 3662 Mollis
418 3620 446 3663 et
456 3609 604 3674 abstrusus,
620 3608 757 3678 tenerique
770 3605 923 3676 Propertius
936 3607 1007 3674 oris,

355 3699 493 3755 interdurn
504 3699 609 3755 Baocbo
619 3698 665 3754 sed
679 3697 758 3753 trabit
769 3697 812 3752 ille
824 3696 927 3768 pedem.

322 3787 356 3842 At
368 3786 451 3842 facilis
460 3789 535 3845 Niso
545 3828 553 3858 ,
564 3789 666 3845 sulcans
678 3787 758 3857 pleno
769 3806 876 3858 aequora
891 3787 967 3856 velo,

351 3877 463 3932 Pectore
474 3876 599 3934 Castalios
611 3879 692 3934 divite
703 3876 795 3933 fundit
805 3897 876 3947 opes.

320 3967 378 4022 llos
389 3966 504 4021 celebrat
514 3968 622 4026 blandos
634 3970 742 4042 Elegeia
753 3967 831 4024 (locta
840 3981 946 4040 poetas:

355 4055 459 4112 Diversi
471 4059 601 4127 quamvis,
613 4061 668 4118 laus
678 4079 725 4115 sua
734 4078 866 4132 quemque
880 4071 978 4118 manet
