2768 4694
468 392 583 458 -PER
607 393 641 457 J.
666 388 888 461 MASSON.
1153 399 1217 461 aab

154 557 249 623 tum,
267 544 311 609 ac'
323 549 491 636 paternam
508 530 749 632 eloquentiam,
767 533 861 630 cujus
873 531 981 606 luerat
996 531 1110 623 beree,
1135 563 1217 612 vers.

206 769 261 845 Ad
277 767 399 844 Cottum
414 793 493 840 vero
510 782 560 839 est
577 763 721 863 ejusdem
742 763 822 838 libri
839 766 903 864 Ep.
923 783 1008 852 vm,
1029 784 1062 840 et
1077 765 1136 843 lib.
1151 772 1219 858 111,

159 888 222 988 Ep.
240 905 269 959 11
283 913 320 958 ac
337 904 384 971 V,
402 909 467 984 qua
477 880 598 982 juvenis
612 878 735 954 ovidio
753 879 888 966 dicitur,
906 908 990 954 vers.
1008 908 1053 981 7:

316 1030 459 1101 laegimaas,
473 1047 491 1080 o
496 1029 600 1096 ,nean
609 1031 690 1092 patrc‘z'
697 1046 747 1079 non
757 1029 863 1094 delecter
871 1032 934 1089 oreb,

353 1115 433 1169 utcu
443 1112 492 1168 tibi
502 1112 582 1181 pleno
590 1110 669 1163 verba
682 1109 777 1163 diserta
788 1109 860 1176 loro,
873 1121 922 1165 etc.

210 1236 255 1306 v.
278 1229 348 1305 Sed
363 1246 403 1303 ut
418 1229 462 1304 ad
475 1227 617 1301 Nasonis
638 1252 774 1326 operum
798 1226 914 1301 seriem
929 1227 1122 1317 redeamus,
1149 1230 1226 1307 libri

162 1348 212 1422 lv
226 1372 267 1418 ex
277 1344 391 1417 Ponto
405 1340 513 1441 Epist.
531 1359 568 1412 lv
587 1341 649 1413 hoc
663 1340 841 1416 certissime
855 1368 943 1415 anno
962 1341 1005 1415 ad
1017 1344 1139 1418 exitum
1152 1375 1226 1421 ver-

168 1478 266 1560 gente
281 1457 379 1533 missa
392 1474 441 1531 est
451 1453 549 1530 Sexto
560 1453 721 1554 Pompccin
739 1456 793 1529 cui
805 1456 846 1530 de
857 1458 1015 1533 consulatu
1032 1460 1224 1556 gratulatur,

168 1606 265 1682 quem
279 1603 367 1671 anuo
383 1591 534 1671 gesturus
546 1589 616 1646 erat
627 1571 790 1672 proximo.
806 1574 919 1670 Fingit
933 1574 1020 1652 enim
1034 1579 1166 1655 Famam
1178 1583 1225 1656 sic

169 1721 203 1768 se
217 1691 405 1769 adlocutam
416 1688 535 1774 luisse,
554 1715 638 1761 vers.
663 1713 703 1786 17
719 1716 728 1759 :

331 1839 438 1892 Consule
449 1839 583 1903 Ponpeio,
598 1852 652 1903 quo
666 1851 722 1885 non
734 1830 780 1885 tibi
791 1831 875 1887 carior
887 1833 969 1902 ulter,

363 1917 500 1973 Candidus
511 1928 538 1971 et
548 1915 609 1971 felix
616 1921 838 1985 postumum
847 1919 906 1972 erit.

171 2036 283 2113 deiude
299 2062 383 2111 vers.
401 2032 465 2122 23,
482 2017 599 2109 addit:

327 2182 401 2247 Ergo
411 2180 471 2247 ubi,
484 2181 551 2234 June
561 2179 647 2251 biceps
657 2221 665 2248 ,
676 2181 785 2251 longum
797 2190 1053 2249 memnonem,

360 2263 457 2318 Pulsus
470 2272 497 2314 et
508 2280 523 2314 a
533 2281 605 2316 sacro
616 2283 706 2318 mense
717 2264 854 2318 December
859 2266 921 2328 erin

328 2348 453 2415 Purpura
464 2348 605 2412 Pompeium
615 2347 711 2401 summi
724 2346 820 2402 velabit
831 2347 950 2415 bonoris,
961 2360 1009 2404 etc.

171 2466 228 2541 llle
257 2484 367 2541 autem
396 2461 512 2536 Sextus
540 2462 702 2563 Pompeius
726 2494 813 2540 anno
848 2464 1079 2566 subsequenti,
1112 2471 1157 2541 U.
1190 2471 1229 2543 C.

171 2599 359 2667 bccnxvu,
373 2578 480 2652 consul
488 2606 612 2652 annum
623 2577 764 2656 &miluus
776 2579 922 2681 aperuit;
939 2606 1038 2678 quare
1052 2580 1120 2653 haec
1133 2584 1232 2682 Epis·

170 2696 258 2781 tola,
276 2694 317 2767 ad
335 2723 408 2767 eum
425 2692 490 2790 jam
508 2693 715 2788 designatum
731 2694 899 2771 consulem
919 2696 1038 2783 missa,
1057 2714 1231 2798 antequam

167 2811 344 2891 Dececnbn'
357 2805 566 2883 successisset
581 2806 773 2896 Jonuoniu,
793 2812 834 2885 ad
851 2812 977 2887 huncce
993 2841 1114 2887 anuum
1131 2818 1173 2890 U.
1193 2818 1231 2892 C.

167 2949 326 3009 Dchxu’l
343 2945 513 3002 exeuntem
529 2926 666 3000 omniuo
679 2925 829 3025 pertinet.
845 2930 934 3001 Ante
942 2956 1019 3002 vero
1031 2931 1116 3004 banc
1124 2934 1230 3034 Epist.

167 3049 351 3150 scripserat
360 3062 392 3118 et
402 3042 545 3141 ejusdem
560 3041 638 3114 libri
651 3040 808 3140 primam,
822 3072 894 3145 quae
905 3073 973 3117 non
986 3046 1086 3119 modo
1101 3047 1233 3138 ordine,

167 3165 230 3240 sed
247 3181 281 3239 et
298 3182 447 3262 tempore
472 3156 552 3233 alias
574 3155 681 3231 eidem
698 3152 837 3256 scriptas
853 3161 1035 3260 praecessit,
1052 3180 1090 3236 ut
1107 3160 1234 3264 liquido

167 3296 263 3378 patet
279 3307 319 3352 ex
334 3303 417 3348 vers.
442 3297 550 3345 1-20:

333 3423 445 3492 Accipe,
460 3423 578 3487 Pompei,
591 3417 735 3472 deductum
746 3434 852 3473 carmen
863 3419 895 3472 ab
905 3417 966 3487 illo,

367 3502 479 3556 Debitor
489 3513 528 3556 est
538 3501 598 3555 vitre
608 3501 653 3570 qui
663 3499 727 3567 tibi,
740 3500 828 3564 seen,
840 3518 893 3554 cuce
904 3520 911 3564 3

341 3586 414 3654 Qui,
426 3604 473 3640 eeu
484 3605 540 3640 non
551 3584 673 3654 prohibes
686 3603 701 3637 a
712 3601 755 3636 me
767 3593 812 3636 tua
824 3583 932 3637 nomina
946 3586 1022 3655 poni,

374 3666 487 3720 Accedet
497 3665 597 3721 meritis
607 3664 664 3720 boc
674 3680 777 3735 quoque
789 3683 892 3719 summa
904 3665 969 3733 tuis,
981 3676 1030 3720 etc.

230 3781 407 3882 Pompeius
429 3781 575 3890 illcjam
594 3800 670 3859 ante
691 3781 841 3856 maximis
868 3782 1027 3858 Ovidium
1041 3796 1237 3885 prosecutus

184 3903 295 3976 luerat
311 3895 495 3986 beneficiis,
509 3900 652 4001 ipsomet
668 3915 767 4001 poeta
782 3913 882 3988 teste,
898 3926 981 3973 vers.
999 3897 1046 3971 23
1062 3928 1069 3969 :

343 4045 487 4114 Nunquam
496 4046 567 4116 pigra
577 4045 628 4099 luit
637 4045 731 4100 nocuis
741 4056 786 4100 tua
797 4043 877 4116 gratia
888 4045 982 4109 rebus;

375 4137 430 4190 Nee
441 4134 507 4190 mibi
520 4135 655 4190 munitiore
666 4153 723 4189 eres
734 4136 838 4205 negavit
849 4154 925 4206 opes,
939 4143 986 4186 etc.

305 4235 420 4305 VIII.
1021 4235 1057 4295 15
