2768 4694
453 366 521 430 nn
546 360 929 431 raursrronns.
1162 364 1229 454 289

154 528 291 587 atatem
308 523 466 611 quaestor,
485 522 610 607 praetor
628 522 661 577 et
675 502 791 579 consul
806 504 912 579 lactus
927 522 987 579 est.
1005 506 1045 577 In
1060 522 1231 605 quaesturae

158 645 200 702 et
215 642 364 728 praeturae
379 621 504 697 honore
526 620 594 694 dux
610 618 763 707 Rbetici,
789 619 906 694 deinde
927 620 1115 695 Germanici
1130 620 1230 712 belli,

160 740 427 844 praeclarissimas
440 767 496 813 res
514 737 632 833 gessit,
659 765 742 836 quas
758 735 942 810 recensebit
959 737 1100 812 Ovidius
1115 767 1123 825 ;
1143 739 1232 814 unde

160 864 219 961 jus
232 859 349 935 orandi
362 877 397 934 et
412 852 627 956 triumphalia
639 855 727 954 cepit
737 871 936 928 ornamenta.
951 855 1034 929 Post
1046 873 1232 957 praeturam,

164 974 248 1048 inito
262 975 375 1049 statim
388 968 574 1057 consulatu,
588 966 721 1067 repetiit
736 966 978 1070 expeditionem
990 967 1234 1058 Germanicam;

166 1090 225 1165 ubi
239 1091 383 1176 morbo,
409 1113 507 1187 quem
527 1083 662 1182 exequi
685 1081 780 1185 lapsu
803 1099 1025 1171 contraxerat,
1043 1111 1235 1184 supremum

169 1206 254 1278 diem
273 1204 385 1292 obiit,
411 1202 447 1275 in
472 1199 592 1274 aestivis
614 1199 748 1283 castris,
770 1225 842 1297 quae
867 1224 905 1268 ex
928 1224 967 1269 eo
986 1194 1140 1271 scelerata
1158 1219 1237 1273 sunt

168 1314 345 1419 adpellata.
367 1348 384 1379 «
411 1311 612 1387 Adolescens
636 1309 708 1396 ille,
733 1308 843 1410 iuquit
865 1308 1035 1398 Velleius,
1055 1330 1107 1385 tot
1129 1331 1237 1387 tanta·
1348 1409 1351 1421 1

175 1466 191 1494 ‚2
213 1453 357 1529 rumque
373 1427 531 1500 mantum
547 1424 625 1511 luit,
645 1441 727 1524 quot
744 1442 777 1497 et
794 1442 933 1523 quantas
954 1443 1072 1500 natura
1089 1428 1238 1504 mortalis

178 1583 194 1612 u
213 1545 352 1648 recipit,
372 1542 422 1618 rel
447 1542 607 1616 industria
624 1540 765 1643 percipit
785 1572 793 1614 :
817 1541 911 1639 cujus
937 1542 1105 1637 ingenium
1127 1564 1238 1623 utrum

178 1698 193 1726 »
211 1658 342 1734 bellicis
354 1657 459 1754 magis
469 1655 644 1758 operibus,
655 1684 695 1728 an
707 1653 859 1730 civilibus
872 1654 1037 1730 suffecerit
1045 1659 1188 1749 artibus,
1203 1664 1238 1736 in

177 1812 192 1842 »
211 1777 342 1851 incerto
352 1790 412 1848 est.
427 1773 563 1845 Morum
573 1787 659 1843 certe
674 1767 830 1858 dulcedo,
846 1788 878 1844 et
890 1771 1032 1846 suavitas
1043 1776 1239 1852 etadversus

179 1928 193 1957 a
212 1892 337 1968 amicos
357 1916 468 1990 sequa,
485 1916 523 1961 ac
542 1915 603 1989 par
626 1886 680 1960 sui
697 1886 889 1974 aestimatio,
909 1887 1115 1963 inimitabilis
1138 1891 1239 1970 luisse

179 2046 193 2075 »
213 2008 357 2095 dicitnr,
385 2024 417 2080 et
440 2005 559 2081 eximia
587 2003 737 2107 corporis
759 2000 984 2104 pulchritudo.
1008 2004 1107 2080 lllum
1131 2028 1240 2086 autem

177 2162 193 2191 a
213 2153 331 2223 magna
357 2152 396 2198 er
422 2140 514 2223 parte
542 2120 741 2195 domitorem
768 2120 970 2212 Germaniae,
998 2121 1143 2226 plurimo
1171 2132 1241 2229 ejus

176 2243 341 2340 agentis,
364 2239 463 2313 variis
481 2238 515 2309 in
538 2235 638 2325 locis,
656 2238 794 2338 proluso
813 2237 990 2330 sanguine,
1011 2239 1153 2314 latorum
1176 2243 1241 2316 ini-

174 2394 194 2424 »
214 2360 346 2461 quitas,
360 2353 550 2440 consulem,
564 2371 712 2448 agentem
722 2382 846 2428 annum
861 2352 1075 2441 tricesimum,
1088 2356 1207 2456 rapuit.
1221 2393 1239 2423 »

167 2472 273 2549 Nihil
286 2471 414 2544 adtinet
432 2495 685 2541 commemorare
697 2496 761 2567 qna
777 2493 915 2568 pompa,
935 2471 993 2559 (ea
1011 2469 1180 2568 triumpho
1198 2470 1243 2542 si-

168 2585 323 2664 millima
336 2584 425 2684 luit)
443 2611 562 2684 corpus
575 2582 713 2657 relatum
726 2585 759 2659 in
772 2585 908 2670 urbem,
927 2599 1121 2670 crematum,
1135 2583 1245 2685 sepul-

171 2726 320 2802 tumque
339 2702 373 2773 in
392 2727 507 2800 campo
534 2700 660 2773 Martio
685 2728 693 2771 :
714 2716 814 2802 utque
837 2701 1027 2773 defunctum
1054 2729 1156 2800 quum
1180 2729 1243 2802 pro

172 2817 345 2895 concione
361 2814 506 2889 laudaret
517 2817 711 2910 Augustus,
728 2815 817 2890 Deos
833 2834 986 2918 precatus
1003 2817 1064 2905 sit,
1079 2817 1201 2894 similes
1215 2819 1244 2892 ei

179 2941 329 3014 Caesares
345 2962 426 3008 suos
442 2932 602 3019 lacerent,
626 2931 758 3033 sibique
774 2949 838 3007 mm
854 2933 1029 3008 honestum
1046 2937 1244 3039 quandoque

183 3055 306 3129 exitum
322 3053 453 3138 darent,
475 3079 572 3150 mans
591 3046 640 3122 illi
656 3048 832 3123 dedissent.
851 3051 1005 3149 Elogium
1025 3052 1159 3155 iusuper
1174 3085 1247 3131 ver-

186 3171 277 3245 sibus
289 3199 306 3244 a
319 3197 356 3242 se
366 3166 579 3268 compositis,
595 3163 772 3268 sepulchro
784 3164 977 3267 insculpsit,
995 3196 1160 3269 prosaque
1172 3200 1246 3245 ora-

188 3287 293 3372 tione,
311 3285 411 3359 vitam
422 3283 492 3382 ejus
505 3281 696 3383 complexus
706 3299 766 3355 est.
782 3279 875 3356 Livia
885 3298 1005 3370 mater,
1018 3282 1128 3358 audita
1141 3306 1247 3361 morte

186 3397 266 3483 filii,
280 3398 315 3470 in
331 3399 440 3500 primo
457 3395 516 3470 illo
531 3397 660 3484 surore,
680 3423 782 3496 quum
795 3395 934 3468 maxime
946 3395 1071 3470 feroces
1083 3397 1246 3499 impoten-

190 3531 303 3611 tesque
324 3530 402 3586 sunt
423 3513 582 3601 miseric,
600 3541 635 3587 se
662 3508 895 3586 consolandam
917 3511 1016 3584 Atrio
1044 3512 1247 3613 philosopho

189 3624 411 3700 Alexandrino
427 3626 592 3726 prebuit:
617 3626 653 3700 in
679 3652 781 3726 eaque
804 3623 947 3697 orbitate
968 3626 1148 3700 masculum
1175 3627 1247 3697 ani·

189 3770 300 3827 mum,
322 3740 503 3842 feminaque
519 3745 668 3847 principe
685 3743 817 3839 dignam
840 3742 1054 3816 constantiam
1071 3741 1221 3816 exhibuit
1239 3770 1247 3826 ;

192 3877 227 3934 ut
243 3884 319 3958 qua
334 3854 433 3929 simul
447 3884 520 3930 eum
532 3862 639 3934 cinere
651 3876 750 3960 atque
768 3856 902 3932 ossibus
912 3856 974 3931 lilii
991 3856 1137 3932 dolorem
1151 3881 1247 3926 snum

194 3978 262 4075 ejus
281 3972 410 4048 tumulo
427 3970 583 4048 intulerit
609 3976 688 4051 llaec
706 3971 865 4049 eVelleio
887 3973 1083 4060 Paterculo,
1108 3970 1247 4057 Seneca,

196 4090 318 4176 Plinio,
332 4088 507 4175 Suetonio,
522 4088 677 4164 Cornelio
687 4089 804 4164 Tacito
814 4147 822 4175 ‚
834 4091 977 4190 epitoma
988 4086 1089 4173 Livii,
1103 4085 1138 4156 in
1147 4112 1251 4184 pauca

310 4213 424 4284 VIII.
991 4233 1030 4298 ¹9
