2768 4694
154 330 220 415 244
483 329 523 393 P.
547 327 730 395 ovtnn
757 328 891 393 vira

158 508 176 535 »ι
197 500 236 545 ex
253 498 311 544 ore
328 468 463 564 Georgii
478 467 709 569 Trapezuutii,
728 468 925 543 Tomitanus
938 465 1079 566 Scythas
1093 467 1218 541 0vidio

157 625 177 655 »
195 606 302 690 poetae
316 587 385 661 vita
400 586 575 674 defuncto,
594 584 712 660 collata
725 614 744 658 e
757 584 897 686 publico
909 586 1068 686 mnia,
1082 603 1220 686 propter

159 739 178 770 »
198 704 323 799 ingenii
349 702 557 777 nobilitatem
585 702 720 803 umbem
741 701 914 797 magnifice
936 700 1121 786 summm,
1146 719 1221 776 aute

156 855 177 888 »
196 820 312 922 oppidi
327 838 474 920 portam,
486 818 611 893 iuloro
624 816 896 892 maximecelebri
911 846 920 889 τ
935 815 1176 918 quamvisille,
1188 837 1221 893 et

158 968 180 1002 ι,
196 936 393 1037 peregrinus
404 953 508 1021 esset,
520 952 555 1007 et
567 935 610 1008 ab
623 935 777 1029 Augusto
787 933 1147 1034 Casareproscriptus
1154 934 1222 1008 Ve-

158 1086 177 1118 »
199 1051 367 1125 rumhauc
377 1051 551 1150 utriusque
561 1051 782 1147 conjecturam
792 1049 1012 1122 recentiorum
1022 1049 1224 1151 experientia

162 1201 181 1233 »
201 1166 395 1241 emendavit
411 1166 537 1238 Scribit
549 1168 635 1239 enim
649 1166 779 1265 Gaspar
790 1164 990 1250 Brnsclrius,
1005 1193 1096 1238 anno
1115 1164 1224 1253 1508,

160 1320 179 1351 n
200 1285 313 1359 Ovidii
324 1282 553 1384 sepulchrum,
570 1280 751 1383 lapideum,
762 1299 973 1366 cameratum,
986 1282 1227 1384 epitaphioque

162 1436 180 1468 »
199 1417 372 1485 ornatum,
388 1398 423 1470 iu
439 1396 568 1497 oppido
584 1397 740 1481 Sabaria,
757 1397 863 1496 patria
880 1397 959 1468 Divi
980 1396 1122 1470 Martini
1139 1398 1227 1499 epis·

161 1552 181 1584 »
199 1518 291 1618 copi,
307 1543 378 1590 csse
395 1514 576 1587 inventum.
588 1512 630 1585 ld
645 1511 807 1613 oppidum
820 1514 854 1585 iu
871 1514 1043 1587 Pannonia
1055 1516 1229 1617 superiore

163 1669 182 1700 »
200 1631 401 1708 Ptolemaeus
417 1630 531 1730 ponit,
550 1629 643 1727 cujus
659 1628 810 1702 meminit
819 1627 968 1715 Plinius,
982 1629 1175 1704 Antoninus
1188 1632 1226 1704 in

164 1783 182 1814 n
202 1745 391 1832 Itinerario,
404 1745 598 1819 Ammianus
616 1743 731 1819 etalii.
750 1778 767 1808 o
966 1758 969 1763 ’
1254 1808 1258 1815 ,

211 1861 361 1939 Ortelius
376 1890 477 1948 vero,
499 1879 539 1935 ut
549 1860 615 1935 lroc
630 1862 831 1947 inseramus,
850 1860 891 1933 de
907 1860 1041 1934 δαύαηὶι
1058 1859 1227 1937 scriberis:

165 2009 183 2042 e
205 1976 357 2061 Sabaria,
371 1975 481 2075 inquit
493 1975 610 2047 lazio¹
625 1975 785 2061 ,dustria
796 1973 954 2073 oppidum
963 1992 1013 2047 cst
1023 1973 1065 2048 ad
1074 1975 1227 2070 Angrum

167 2126 186 2159 »
205 2092 342 2166 lluvium
356 2091 490 2164 nomine
506 2089 606 2163 Staio.
630 2090 758 2189 Gaspar
772 2089 956 2163 Brocchius
971 2090 1053 2163 dicit
1068 2090 1125 2165 hic
1141 2120 1228 2166 anno

167 2240 185 2272 „
205 2223 332 2281 novur
351 2201 561 2303 sepulchrum
581 2205 710 2276 0v1n11
727 2206 884 2277 Nasutus
905 2206 1100 2292 inventum,
1125 2222 1229 2280 totu-

167 2357 185 2389 »
206 2323 281 2397 dine
296 2318 526 2416 magnificum,
544 2337 578 2393 et
591 2320 656 2392 hoc
673 2318 840 2419 epitaphio
859 2337 1032 2393 umatum:

360 2450 465 2504 rum
479 2464 672 2504 urcsssrrsrrs
684 2465 744 2502 ccx.

329 2547 382 2601 Hic
392 2546 456 2599 situs
465 2557 505 2599 est
516 2557 603 2610 vates,
615 2565 694 2614 quem
708 2547 763 2598 divi
777 2549 886 2601 Cesaris
898 2550 935 2601 ira

366 2630 477 2700 Augusti
491 2631 573 2700 patria
585 2630 677 2684 cedere
689 2633 763 2698 jussit
773 2633 862 2685 humo.

332 2714 406 2784 Soepe
421 2714 500 2767 miser
512 2713 592 2767 voluit
605 2713 693 2783 patriis
704 2717 858 2769 occumbere
873 2719 963 2785 tetris,

366 2797 419 2852 sed
434 2797 544 2863 frustm
558 2796 628 2850 hunc
640 2797 677 2851 illi
687 2798 740 2852 lata
753 2799 850 2853 dedere
863 2798 958 2854 lorum.

171 2911 233 2992 Al,
250 2935 292 2981 nc
306 2907 346 2980 de
358 2909 478 2982 hurum
490 2909 670 2982 carminum
683 2909 842 3005 elegantia
856 2914 1076 3013 disputemus,
1095 2920 1147 2992 vix
1162 2949 1231 2994 cru-

173 3020 273 3095 dibile
290 3022 435 3108 videtur,
453 3022 610 3096 Ovidium
628 3024 786 3111 Soborioe,
812 3056 883 3127 quae
899 3029 963 3102 suit
977 3060 995 3102 a
1007 3033 1121 3105 Tomis
1139 3032 1230 3106 haud

174 3167 288 3241 parum
305 3139 416 3212 dissita
435 3140 537 3227 urbs,
556 3141 765 3240 sepulchrum
785 3142 957 3232 habuisse,
972 3151 1108 3222 maxime
1125 3178 1231 3249 quum

174 3250 396 3352 Hieronymus
415 3251 535 3326 diserte
548 3255 687 3341 scribat,
706 3283 779 3329 eum
790 3258 883 3355 juxta
898 3261 1041 3357 oppidum
1057 3263 1170 3337 Tomos
1185 3293 1234 3338 se·

170 3368 291 3469 pultum
305 3367 416 3440 luisse.
435 3370 503 3442 Nec
520 3369 554 3442 id
568 3369 742 3444 verisimile
759 3372 859 3447 ellicit
874 3375 964 3474 quod
977 3377 1142 3453 Zoroosius
1155 3382 1238 3456 sub·

176 3482 286 3583 jungit
305 3513 312 3555 :
341 3515 358 3548 e
379 3483 487 3557 Credo
505 3500 613 3557 autem
630 3510 703 3558 cum
721 3487 924 3588 (Ovidium)
938 3520 1004 3564 nou
1024 3521 1092 3566 uno
1107 3497 1140 3568 in
1160 3495 1237 3572 loco

180 3634 198 3664 ι»
218 3597 425 3682 constitisse,
442 3597 498 3672 sed
515 3598 549 3670 in
568 3600 753 3675 Pannonias
771 3607 968 3707 quandoque
987 3608 1184 3698 divertisse,
1201 3631 1240 3688 ut

182 3750 198 3778 »
218 3714 350 3788 taedium
363 3712 551 3787 solitudinis
563 3712 700 3805 levaret,
715 3717 887 3794 ductorum
901 3724 1043 3797 virorum
1054 3730 1238 3815 consortio,

181 3863 198 3894 u
220 3831 277 3929 qui
298 3829 407 3904 isthuc
436 3856 476 3901 ex
499 3827 594 3902 ltalia
613 3829 801 3932 frequentes
821 3838 1058 3924 adventabant,
1076 3841 1137 3913 ubi
1163 3872 1238 3917 enm

181 3981 198 4011 »
219 3945 350 4020 tandem
367 3972 457 4017 mors
476 3943 641 4043 insperata
659 3954 868 4049 oppresserit.
890 3987 906 4019 »
932 3955 1124 4030 Absurdum
1147 3960 1237 4032 enim

213 4095 220 4124 ¹
241 4091 392 4148 Commeat.
404 4093 478 4162 Reip.
492 4094 570 4147 Rom.
580 4093 623 4147 lib.
634 4095 699 4162 llll,
712 4116 766 4168 cap.
779 4121 801 4151 a.
