2768 4694
160 389 226 457 308
492 383 890 453 DEDICATIONES

161 528 388 610 decantatum,
405 550 522 622 parum
534 521 636 621 hujus
644 520 710 595 loci
722 522 972 624 amplitudinem
980 522 1089 599 decet.
1100 527 1220 627 lmpro

158 639 401 724 luminemus,
419 654 453 710 et
469 636 748 713 animadversione
761 638 899 733 dignum
910 640 1089 715 censoria?
1100 642 1218 743 Ecquid

163 775 230 830 mm
244 754 446 855 protritum,
464 750 581 852 ecquid
598 769 664 826 tam
679 751 904 852 proculcatum
918 782 1020 855 mam
1040 755 1141 831 urbis
1154 757 1217 842 vu,

163 898 246 972 quas
256 869 343 970 equi,
354 869 469 953 boves,
480 867 574 956 anni,
582 865 675 954 muli,
684 867 903 969 hominesque
910 866 1087 958 clitellarii,
1094 870 1216 948 adsidue

160 983 491 1061 temnttldeoneme
501 981 793 1070 continebodomi,
804 1010 844 1055 ne
854 982 952 1083 bipes
962 984 1132 1079 ingrediar
1142 986 1216 1061 inter

91 1131 96 1146 ¹
158 1102 415 1207 quadrupedes,
435 1119 469 1174 et
484 1099 602 1173 carebo
621 1096 781 1197 publico,
806 1126 847 1171 ne
864 1099 1216 1208 minuammqjestaten

159 1220 305 1303 ordinis3
322 1216 392 1302 rel,
410 1216 439 1289 si
454 1215 587 1316 prodire
598 1215 664 1288 huc
680 1211 779 1287 velim
790 1242 912 1315 ‚cogar
923 1214 1099 1311 dignitatis
1111 1247 1214 1306 mosa,

161 1364 238 1411 cum
253 1333 357 1408 simiis
369 1350 402 1407 et
414 1330 535 1406 delibus
550 1331 585 1402 in
598 1327 716 1424 tegulis
731 1327 923 1403 ambulare?
938 1332 1016 1404 Non
1031 1333 1215 1411 adscendan

160 1451 257 1538 illuc,
277 1451 400 1551 opinor
422 1479 430 1520 :
451 1447 607 1520 imitabor
629 1443 742 1545 potius
771 1443 1019 1521 Chalcidensem
1034 1450 1077 1523 Τ.
1096 1451 1216 1549 Quinti

161 1566 348 1667 hospitem3
370 1582 468 1665 atque
480 1581 519 1637 ut
530 1561 584 1637 ille
598 1559 706 1635 bellus
719 1561 888 1662 scitusque
899 1562 1217 1667 convivator,.quun

160 1678 350 1782 imperatori
366 1706 519 1765 romano,
536 1677 672 1778 ejusque
688 1678 851 1778 praetoriae
865 1679 1001 1757 ⁴cohorti
1023 1708 1148 1757 etenum
1166 1683 1217 1757 de

157 1813 224 1881 ret,
240 1821 336 1866 omne
350 1820 455 1887 genus
468 1791 671 1879 venationis,
685 1790 894 1892 speciemque
906 1792 1016 1869 lerinae
1026 1796 1153 1884 munis,
1166 1826 1217 1871 va·

155 1909 214 1982 riis
241 1906 461 1980 condimentis
486 1903 638 1979 effinxit:
660 1905 708 1979 sic
732 1934 796 2000 ego
814 1907 943 1983 easdem
968 1906 1049 1985 istas
1071 1909 1216 2006 vulgares

156 2019 285 2122 epulas,
302 2038 343 2094 ut
357 2020 481 2106 ceteri,
499 2048 617 2121 nempe
634 2018 811 2108 Ovidium,
830 2021 926 2095 vobis
949 2021 1143 2124 adponam,
1164 2025 1216 2103 sed

157 2134 223 2212 ulio
239 2154 337 2236 pactu
362 2134 535 2225 condiam;
556 2135 738 2212 libetenim
756 2136 929 2232 magnilica
945 2137 1044 2213 verbu
1066 2139 1215 2228 fundae,

156 2272 197 2329 ut
211 2251 348 2350 gloriosi
366 2251 464 2352 coqui
481 2250 589 2327 solent
605 2252 641 2326 in
657 2250 836 2326 comediis.
860 2254 985 2327 Tenuis
1005 2257 1069 2330 erit
1084 2256 1218 2332 forsitan

161 2366 337 2467 adparatus
353 2395 362 2454 ;
386 2366 541 2439 nimirum
565 2365 600 2437 in
621 2392 657 2438 re
676 2366 765 2438 tenui
784 2394 792 2438 :
810 2393 1017 2467 quanquam,
1043 2368 1217 2452 silllaroni

163 2482 325 2559 credimus
339 2480 486 2584 apiculas
498 2509 574 2556 suas
588 2481 744 2579 jactanti,
762 2481 882 2577 Georg.
898 2484 958 2571 IV,
973 2480 1014 2557 6:

318 2677 350 2731 ln
364 2677 436 2731 tenui
446 2676 535 2743 labor,
554 2686 580 2728 at
593 2677 678 2729 tenuis
688 2695 744 2729 non
756 2675 835 2746 gloria
846 2698 853 2741 ;
865 2678 976 2747 siquem

321 2773 437 2828 Numina
448 2771 511 2826 leva
523 2772 629 2840 chnut,
643 2773 768 2844 auditque
782 2784 887 2828 vocatus
898 2776 999 2846 Apollo.

158 2952 233 3024 Huc
252 2949 356 3037 adde,
380 2947 471 3048 qnod
489 2947 533 3020 ad.
546 2949 847 3048 interpretationem
870 2951 981 3024 Ovidii
1005 2955 1129 3052 passim
1148 2957 1218 3030 llo

158 3091 267 3137 merus
282 3062 508 3149 adhibendus,
531 3063 740 3137 advocandus
760 3092 846 3165 saepe
867 3066 1069 3166 Sophocles,
1093 3067 1218 3170 aliique

159 3203 270 3268 graecae
297 3175 462 3274 principes
490 3175 681 3269 trugoediae:
705 3178 934 3276 conquirendae
966 3179 1219 3284 colligenquue

158 3317 277 3388 sparse
294 3317 331 3363 ac
348 3289 461 3363 lacerae
476 3307 648 3390 poetarum
663 3289 825 3391 reliquie,
843 3295 900 3392 qui
913 3291 1013 3369 latine
1026 3323 1097 3369 eam
1111 3295 1219 3374 label-

157 3404 220 3478 lam
245 3405 492 3508 expoliverunt‚
515 3424 552 3478 ut
570 3405 684 3480 Attius
707 3424 739 3480 et
763 3409 942 3496 Pacuvius,
962 3412 1139 3513 omnisque
1162 3417 1218 3490 reri

157 3517 366 3607 doctissimus
384 3520 432 3590 M.
452 3520 578 3590 Varro:
595 3544 656 3591 nec
673 3519 787 3593 Livius
797 3522 1008 3597 Andronicus
1021 3524 1218 3629 Enniusqne

158 3649 238 3706 sunt
258 3630 556 3732 praetermittendi,
586 3659 672 3729 quos
690 3636 826 3707 vertisse
851 3628 984 3735 Ajacem
1011 3665 1050 3713 ex
1073 3643 1216 3742 antiquis

159 3746 376 3842 grammaticis
390 3746 628 3839 cognoscimus.
645 3750 773 3821 Horum
786 3752 815 3822 si
830 3770 992 3828 exstarent
1002 3753 1138 3850 integrae
1151 3777 1216 3832 tra-

157 3865 292 3960 godis,
310 3861 425 3947 hodie,
441 3889 482 3934 ne
499 3863 816 3962 qnid-dissimulem,
837 3870 921 3943 nihil
940 3872 1020 3944 milri
1039 3894 1126 3948 esset
1141 3903 1212 3949 cum

155 3979 278 4054 Ovidio
293 3975 416 4072 negotii
439 4006 446 4048 :
467 4005 570 4063 nunc,
594 3978 684 4080 qnod
700 3980 807 4057 solum
825 3982 919 4073 licet,
944 4015 1019 4061 cum
1042 3991 1213 4065 Ovidiunis

154 4091 316 4175 conferam
337 4092 392 4169 illa
412 4093 609 4189 fragmenta,
627 4125 699 4196 quae
717 4128 886 4200 superesse
904 4102 1009 4178 voluit
1027 4124 1211 4209 temporum
