2768 4694
499 361 553 428 IN
576 363 756 430 OVlDlI
779 364 902 433 IBIN.
1188 368 1227 435 61

365 521 485 579 livorem
498 525 597 595 pepulit
606 526 685 579 simul
695 527 755 592 ille,
768 527 897 596 simulque
911 527 1019 581 locutus.

361 616 483 689 Assyrius
494 616 545 669 late
558 616 619 670 fluit
631 617 730 683 amois,
745 616 824 671 atille
838 618 958 687 palustris

360 705 481 760 llluviem
495 716 573 758 terre
585 705 728 775 sordesque
741 706 880 760 volutatio
894 707 980 762 undis.

358 795 421 849 Non
434 796 526 866 quovis
540 795 632 850 Cereri
644 794 752 850 libante
766 797 841 850 fonte
855 797 986 864 Metme,

359 885 414 939 Sed
427 886 473 955 qui
483 885 608 955 limpidus
621 897 677 951 est,
691 896 718 938 et
730 885 784 939 limi
796 886 897 955 prosilit
909 907 1019 957 expers,

360 975 527 1030 sacrofonte
540 975 608 1030 latex
621 995 731 1045 parvus,
744 976 793 1031 flos
804 996 923 1032 summus
933 998 1068 1048 aquarum.

362 1063 438 1118 Salve
447 1105 455 1133 ,
464 1085 527 1132 rex,
539 1066 614 1120 abeat
624 1085 678 1135 quo
691 1085 755 1119 crus
766 1066 816 1119 erit
827 1065 932 1122 invidus
943 1068 993 1122 ille.

165 1204 315 1277 Causam
325 1222 437 1276 autem
451 1202 579 1303 profert
591 1205 789 1278 Nicodemus
805 1205 1011 1281 Frischlirms
1027 1208 1061 1285 in
1077 1209 1142 1282 vita
1160 1212 1235 1287 Cal-

153 1314 304 1390 ‹limclti
322 1345 425 1411 graece
442 1320 621 1421 conscripta
639 1350 647 1392 :
664 1330 717 1402 Εἰς
736 1327 767 1393 ὃν
784 1329 832 1393 καί
846 1329 956 1419 ποίημα
971 1329 1165 1407 ἐπιτετήδευκε
1187 1333 1236 1400 ded

168 1442 205 1504 τὸ
224 1440 441 1530 apocarteresin
454 1441 557 1507 ἐκεῖνον
571 1444 641 1508 εἶναι
658 1451 714 1509 τῶν
728 1444 921 1533 Καλλιμάχου
935 1443 1071 1531 βιὸὶίων,
1086 1450 1134 1515 καὶ
1147 1450 1233 1515 ἀλλο·

168 1559 254 1648 spritu
269 1562 374 1624 πόνων·
387 1554 515 1646 riuo'paoe
524 1551 554 1623 d’
566 1560 654 1627 αὐτὸν
662 1570 821 1653 spumeum
829 1546 896 1643 leo,
904 1564 943 1638 ὡς
951 1565 998 1629 καὶ
1010 1560 1143 1632 Νάσωνὸ
1155 1594 1234 1644 ποιη-

166 1669 213 1750 τδς
228 1679 302 1742 οὕτω
317 1702 378 1751 πως
393 1680 541 1769 μαρτυρεῖ.
557 1705 574 1736 «
591 1673 630 1744 ln
643 1671 732 1745 hunc
742 1670 978 1760 Callimachus,
990 1676 1082 1775 qood
1092 1705 1171 1752 suos
1179 1678 1234 1751 ille

170 1819 188 1849 υ
209 1782 313 1858 libros
330 1785 395 1859 sibi
412 1802 598 1882 arrogaret,
618 1804 650 1859 ct
667 1784 791 1861 alienos
807 1786 938 1863 labores
953 1818 1016 1890 pro
1034 1792 1103 1865 suis
1119 1793 1233 1865 vendi·

169 1935 188 1965 ι)
210 1919 307 1988 taret,
325 1900 519 1975 maledicum
533 1930 662 1975 carmen
680 1902 804 1992 edidit,
824 1904 999 2005 ipsumque
1014 1906 1234 2006 Apollonium

172 2049 191 2081 2>
209 2043 390 2117 suppresso
402 2017 536 2091 nomine
551 2017 629 2090 lbin
643 2018 845 2106 nominavit,
860 2021 1134 2120 quemadmodum
1150 2023 1233 2097 ovi-

171 2166 188 2195 »
205 2131 280 2205 dius
298 2149 447 2206 testatur.
470 2166 487 2196 u
514 2134 590 2206 llaec
608 2131 686 2220 ille,
704 2134 794 2234 quod
824 2136 912 2237 ap'ud
936 2138 1036 2210 alium
1058 2156 1144 2210 nota
1165 2167 1232 2212 me-

168 2245 258 2321 lioris
273 2265 441 2321 auctorem
464 2275 534 2318 non
555 2248 688 2320 memini
712 2277 763 2323 me
788 2249 914 2343 legere,
943 2253 1008 2325 nisi
1037 2253 1126 2352 quod
1143 2255 1231 2327 huuc

169 2391 314 2449 versum,
338 2362 398 2464 qui
415 2362 504 2463 apud
523 2363 671 2435 eumdem
688 2362 903 2462 Apollonium
917 2385 1038 2456 exstat,
1056 2372 1229 2468 Argenuus,

169 2475 227 2550 lib.
242 2481 277 2565 l,
295 2507 371 2579 pag.
394 2476 443 2569 64
455 2477 613 2550 editionis
629 2479 843 2578 Stephanea,

309 2657 361 2712 Καὶ
374 2658 409 2714 τὰ
420 2656 465 2732 pie
481 2657 515 2720 ὡς
526 2610 623 2730 ipelia
637 2656 702 2730 μετὰ
715 2655 808 2733 χρόνον
825 2654 1002 2725 ἐκτελέεσθαι,

171 2807 364 2882 Callimachi
383 2836 507 2881 versum
525 2835 594 2882 esse
614 2805 655 2881 ab
685 2806 866 2908 Apollonio
894 2825 1112 2908 usurpatum,
1138 2825 1231 2882 vetus

168 2922 275 3024 ipsius
299 2919 470 3020 Apollonii
493 2920 685 2994 scholiastes
717 2922 843 2994 asserit.
883 2924 1100 2994 Nicodemum
1124 2940 1230 2996 autem

168 3037 388 3114 Frischliuum
419 3066 519 3138 quum
549 3039 585 3110 in
612 3035 834 3110 testimonium
852 3037 994 3126 adduxi,
1018 3039 1150 3113 miseret
1179 3069 1230 3112 mc

170 3153 368 3228 acerbissimi
386 3152 457 3250 ejus
481 3151 539 3226 lati
559 3182 566 3224 :
586 3178 678 3238 nam,
704 3180 806 3251 quum
823 3151 866 3224 oh
887 3180 942 3239 ea,
969 3180 1115 3251 quaere
1133 3154 1230 3227 nimis

169 3266 273 3344 libero
291 3269 470 3343 ellutiisset
483 3268 519 3340 in
535 3267 624 3339 viros
639 3264 886 3353 nobilissimos,
908 3267 1093 3362 Mogontia
1110 3268 1144 3342 in
1161 3298 1229 3346 car-

169 3413 269 3459 cerem
294 3387 461 3485 conjectus
487 3400 594 3471 essct,
624 3382 767 3481 indeque
782 3383 943 3456 deductus
968 3387 1054 3457 loret
1069 3384 1105 3456 in
1121 3386 1233 3460 Wur-

169 3499 360 3594 tembergici
379 3497 442 3571 soli
465 3525 573 3570 arcem
596 3496 924 3571 Hohenauracensem
947 3527 1041 3596 :quo
1065 3499 1233 3599 captivita-

168 3624 236 3683 tem
244 3613 419 3707 effugeret,
431 3638 562 3714 pannos
575 3610 727 3697 discidit,
740 3628 796 3695 ut,
812 3609 864 3682 his
875 3608 1057 3704 colligatis,
1068 3638 1103 3683 se
1116 3612 1232 3686 demit·

171 3741 275 3809 teret3
289 3729 344 3799 secl
354 3727 547 3826 hujusmodi
563 3726 653 3799 lunis
670 3724 804 3827 perfidia
818 3726 853 3798 in
866 3725 946 3798 alias
963 3726 1107 3825 aliasque
1124 3743 1233 3826 petras

170 3865 319 3942 praeceps
328 3842 433 3930 datus,
445 3842 621 3916 confractis
630 3842 786 3916 membris
794 3843 980 3943 exspiravit.
993 3845 1154 3916 Caeterum
1164 3836 1235 3912 Cal-

173 3958 337 4032 limachus
354 3958 566 4056 Apollonium
584 3958 690 4033 lbidis
705 3957 859 4047 numine,
877 3988 949 4058 quae
966 3976 1017 4031 est
1032 3957 1099 4028 avis
1112 3955 1235 4055 AEgyp

172 4075 230 4163 tia,
249 4091 371 4148 notum
390 4098 459 4147 esse
477 4071 598 4162 voluit,
617 4091 837 4176 uoulpropter
855 4073 925 4171 ejus
942 4068 1157 4170 spurcitiam,
1180 4072 1234 4144 cui
