2752 5136
156 719 223 804 dod
410 717 645 785 NOTITIA
667 715 965 784 LITERAIIIA

155 860 290 923 Nicolaus
321 855 422 935 Wolff
436 847 636 929 Alemannus,
664 855 814 918 millesimo
834 856 1069 941 quingentesimo
1098 863 1219 926 secundo

152 959 243 1041 pridie
259 960 358 1020 Nonas
369 956 524 1018 Januarias.
540 985 554 1010 n
570 956 658 1031 in·l,⁹.
673 989 713 1003 -
727 957 850 1030 Peucen,
866 967 937 1018 tom.
951 959 1034 1032 vll,
1051 979 1116 1042 pag.
1136 959 1202 1043 278.

195 1063 443 1142 Metamorphosis.
466 1064 591 1123 Infine:
612 1088 627 1117 α
644 1065 817 1140 Impresrum
835 1061 993 1126 Mediolani
1009 1085 1061 1143 per
1083 1060 1222 1129 Ioannem

153 1167 298 1250 Angelum
314 1165 526 1239 Seinrenreler,
544 1186 621 1225 anno
635 1163 756 1226 Domini
765 1162 960 1226 MCCOGCII
972 1210 983 1240 ,
995 1167 1041 1227 die
1052 1185 1093 1229 ln
1105 1172 1195 1231 Juui'r
1206 1200 1221 1227 a

152 1265 253 1327 in-fol.
265 1288 330 1325 cum
344 1266 393 1346 lig.
403 1297 444 1313 -
455 1264 561 1325 Panaer
572 1306 581 1337 ,
593 1275 664 1325 tom.
676 1263 739 1340 IX,
751 1283 816 1348 pag.
832 1260 900 1325 533.

192 1373 344 1431 Fastorum
360 1368 445 1441 libri,
461 1391 526 1429 cum
543 1367 654 1430 dnobus
672 1369 883 1430 commentariis
901 1371 1026 1432 Antonii
1045 1375 1082 1435 de
1100 1378 1178 1438 Fano
1197 1389 1225 1437 et

150 1470 230 1531 Pauli
246 1469 341 1528 Marsi.
356 1471 389 1527 ln
406 1467 462 1529 line
480 1490 487 1525 :
512 1493 527 1520 r
542 1467 671 1541 Veneriis
686 1487 772 1545 opera
787 1478 817 1527 et
834 1467 959 1546 impensa
974 1470 1155 1533 solertissimi
1171 1475 1225 1536 viri

150 1568 273 1632 Ioannis
295 1567 416 1627 'Iacuini
433 1567 467 1627 de
490 1566 623 1627 Tridino.
645 1567 775 1628 Censore
794 1566 857 1627 viro
879 1567 1074 1631 eruditissimo
1098 1574 1227 1636 Barthol.

150 1671 260 1733 Merula
267 1673 432 1730 Mantuano.
446 1667 536 1728 Anno
549 1667 753 1743 MOCCCCII,
761 1667 853 1745 pridie
863 1669 933 1730 Idus
943 1671 1094 1735 Octobris.
1104 1701 1120 1730 ι
1135 1676 1225 1739 in-lol.

151 1770 321 1842 -Panrer,
334 1781 405 1829 tom.
417 1769 498 1827 VIII
512 1811 521 1841 ,
539 1789 601 1850 pag.
620 1765 690 1828 353.

639 1905 727 1969 1503.

192 2056 265 2116 Tres
282 2051 317 2114 de
334 2050 408 2112 Arte
424 2050 549 2113 Amandi
571 2049 682 2128 libelli,
708 2049 925 2136 diligentissime
946 2053 1079 2117 correcti.
1093 2059 1125 2116 In
1138 2054 1195 2117 dne
1205 2079 1220 2143 ιε

154 2177 169 2204 «
187 2146 415 2233 Ingeniosissimi
436 2148 507 2211 vatis
530 2149 630 2212 Ovidii
652 2147 777 2212 Nasonis
798 2146 996 2212 sulmonensis
1018 2150 1077 2212 Ars
1095 2149 1224 2212 Amandi

151 2248 214 2309 hnic
229 2247 330 2326 Lipcak
343 2246 479 2309 aJacobo
489 2247 623 2330 hhiegno
638 2247 775 2330 impressa
788 2267 863 2309 anno
872 2266 956 2329 supra
963 2245 1087 2307 MDIIL
1096 2275 1109 2303 n
1119 2247 1222 2323 in-d’.

150 2346 325 2419 -Panrer,
342 2359 413 2409 lom.
429 2349 495 2419 lx,
513 2368 576 2430 pag.
592 2344 662 2418 482.

193 2453 328 2515 Remedia
344 2454 471 2515 Amoris.
489 2456 523 2514 lu
539 2453 595 2513 fine
612 2478 618 2514 :
640 2481 654 2507 ιε
672 2454 706 2513 Ρ.
721 2453 820 2515 Ovidii
835 2456 902 2516 Nas.
919 2452 1008 2514 Sulm.
1021 2452 1057 2512 de
1074 2454 1220 2516 Remedio

153 2552 271 2615 Amoris
284 2551 349 2612 libri
369 2553 426 2612 duo
441 2551 514 2611 bene
531 2551 670 2611 emendati
686 2552 886 2614 terminantur.
909 2552 1037 2630 Impressi
1049 2551 1154 2631 Liptrl
1169 2576 1221 2632 per

17 2706 23 2713 .
153 2658 213 2715 Jac.
230 2653 384 2723 Thanuer,
400 2671 476 2710 anno
494 2672 510 2709 a
526 2663 582 2710 nat.
602 2650 711 2711 Christ.
729 2647 822 2725 1503,
841 2651 1058 2734 quintadecima
1071 2652 1117 2713 die
1140 2654 1219 2731 Sep·

152 2751 278 2814 lembrls.
297 2779 312 2805 n
330 2747 424 2821 ln-40·
439 2783 479 2794 -
497 2751 619 2823 Panzer,
632 2748 699 2809 llJld.

190 2858 320 2938 Epistola
336 2858 466 2937 Sapphus
481 2858 517 2918 ad
532 2859 687 2920 Phaonem.
705 2859 739 2917 ln
751 2857 825 2917 fine:
845 2885 860 2910 α
874 2859 1051 2934 impressum
1060 2857 1162 2941 laipul
1173 2881 1220 2936 per

152 2961 292 3023 Jacohum
303 2960 439 3021 Thanner
450 2957 708 3037 Herbipolensem,
726 2980 801 3019 anno
822 2954 908 3017 1503.
926 2985 941 3011 υ
959 2957 1218 3060 in-dh-Panzer,

152 3072 222 3121 lom.
240 3061 322 3133 VII,
339 3080 402 3141 pag.
422 3055 489 3141 147.
664 3159 682 3220 5
704 3159 723 3236 4

646 3183 659 3220 1
683 3183 702 3221 0
725 3204 732 3218 .

194 3294 316 3356 Ovidius
336 3295 366 3353 in
386 3294 511 3354 OEnone
526 3292 603 3372 (hoc
620 3305 682 3365 est,
699 3293 829 3371 Epistola
848 3294 956 3354 Paridis
981 3296 1016 3355 ad
1032 3295 1220 3373 OEnonem.)

151 3391 272 3472 Lr'ptzl,
289 3391 415 3474 perduc.
437 3392 581 3452 Tlranner.
598 3390 693 3464 in-40.
707 3427 747 3438 —
761 3393 871 3453 Harles.
884 3393 978 3474 suppl.
992 3395 1024 3453 P.
1042 3394 1075 3464 I,
1083 3416 1112 3470 p.
1128 3392 1196 3475 457.

193 3497 432 3574 Metamorphosis
447 3521 511 3558 cum
522 3511 675 3558 comment.
691 3499 783 3576 Raph.
796 3498 887 3582 Regii.
901 3501 935 3557 ln
948 3501 1020 3559 line:
1039 3498 1217 3558 «Liberim-

151 3616 264 3672 pressus
276 3615 326 3670 per
337 3596 500 3677 magistrum
509 3595 660 3656 Claudium
667 3597 782 3669 Dorost,
795 3597 861 3657 alias
869 3597 903 3656 de
912 3598 940 3656 T
938 3619 1023 3676 reyes,
1037 3598 1080 3655 M.
1090 3596 1130 3654 D.
1137 3597 1216 3670 IIII,

152 3692 197 3751 die
210 3707 278 3752 xxu
294 3691 363 3750 Oct.
379 3693 566 3754 Vennndatnr
578 3694 712 3776 Lugduni
725 3695 759 3754 ah
768 3695 879 3756 Jacollo
895 3695 1078 3777 Huguetano,
1088 3696 1216 3776 ejusdem

154 3789 273 3854 civitatis
287 3788 470 3867 Bibliopola,
489 3792 519 3851 in
534 3792 598 3852 vico
619 3793 802 3866 Mercuriali,
827 3806 881 3853 etc.
902 3807 931 3853 el
950 3792 1080 3866 Parisiis,
1102 3793 1136 3852 in
1154 3797 1215 3855 vico

153 3893 185 3951 S.
201 3890 324 3964 Jacobi,
354 3890 406 3950 sub
427 3892 499 3950 Diva
516 3892 634 3975 Virgine
652 3914 742 3970 prope
761 3896 790 3954 S.
814 3892 1009 3954 Benedictum.
1025 3920 1041 3948 n
1068 3893 1163 3969 iri-40.
1179 3923 1215 3939 -·

152 3992 275 4064 Panaer,
289 4002 360 4050 tom.
376 3988 440 4050 vn
449 4031 459 4063 ,
473 4010 537 4072 pag.
553 3988 621 4050 280.

571 4144 579 4156 .
644 4103 728 4165 1505.

192 4238 516 4332 Heroidum'Epistole.
540 4256 670 4333 Sapphus
692 4270 777 4338 alque
796 4257 827 4316 in
852 4257 915 4320 Ibin
940 4260 1061 4343 argucie.
1083 4261 1119 4318 In
1143 4260 1210 4319 line:

155 4376 170 4404 s
187 4351 338 4435 Lugduni,
354 4372 410 4436 per-
421 4349 571 4410 Nicolaum
588 4351 698 4432 Wolff,
708 4355 817 4429 an,
834 4356 927 4417 diem
939 4356 1083 4435 Septemh
1096 4384 1112 4412 n
1129 4356 1211 4428 in-l·

153 4449 274 4522 Panem,
290 4460 362 4510 tom.
377 4449 460 4522 vn,
476 4468 539 4530 pag.
555 4448 624 4509 282.
