2768 4694
12 407 18 477 1
129 338 134 351 '
157 370 222 436 216
488 368 528 430 Ρ.
554 365 731 432 ovrnn
754 365 881 430 vira

9 566 14 575 .
37 522 50 575 '.
75 530 81 543 ·
154 504 333 589 Pleiadum,
348 503 406 577 sed
428 520 539 576 ortum
560 504 797 587 ucmnt'cwn;at
808 499 968 598 Virgilius
978 500 1126 574 eamdem
1142 504 1220 575 anni

21 606 34 652 '⁴
154 638 281 722 partem
307 619 458 714 designat
476 647 536 719 per
559 617 727 691 Pleiadum
753 646 923 703 occasum,
947 616 1005 691 sed
1033 617 1194 690 cosmiwm
1207 647 1220 702 ,·

39 750 42 755 “
154 756 255 840 prout
272 737 349 810 viris
366 735 474 809 doctis
494 744 501 774 ¹
520 735 585 833 jam
603 735 823 809 observatum.
841 733 991 810 Pleiades
1009 762 1109 823 vero,
1127 737 1219 834 juxta

53 912 60 921 .
153 852 297 926 Plinium
317 860 329 888 ²
348 849 543 924 occidebant
560 868 602 923 111
622 848 701 923 ldns
716 849 924 924 Novembris.

203 973 262 1044 lll.
285 971 357 1042 Hoc
375 968 488 1042 itidem
506 997 593 1041 anno
608 986 746 1042 exeunte
760 967 965 1068 triumphurn
981 966 1022 1041 de
1038 969 1217 1042 Pannoniis

154 1086 381 1187 Dalmatisque
398 1116 416 1158 a
432 1084 569 1158 Tiberio
584 1084 718 1158 ductum
738 1113 825 1172 esse,
850 1102 977 1158 constat
998 1086 1086 1158 inter
1109 1113 1214 1159 recen·

154 1203 252 1274 tiores
269 1200 416 1272 doctrina
434 1215 619 1296 temporum
637 1198 875 1270 celeberrimos.
906 1199 1007 1293 Quod
1028 1200 1146 1299 paucis
1166 1229 1215 1273 os·

155 1317 318 1400 tendisse,
337 1313 510 1414 proposito
526 1330 641 1385 nostro
659 1331 913 1386 consentaneum
927 1313 1007 1398 erit,
1028 1343 1132 1413 quum
1144 1314 1216 1390 Ovi-

152 1434 222 1504 dius
237 1431 329 1504 illum
348 1429 476 1529 aliquot
491 1427 652 1529 Epistolis
670 1428 747 1500 libri
766 1431 799 1499 ll
815 1457 854 1503 ex
873 1431 983 1502 Ponto
997 1427 1121 1504 laudet.

202 1546 308 1640 Igitur
325 1542 464 1614 Velleius
479 1540 660 1613 Paterculus
677 1541 770 1613 testis
783 1541 950 1628 oculatus,
966 1572 1067 1642 quum
1086 1541 1146 1616 lib.
1166 1545 1214 1630 ΙΙ,

153 1688 224 1758 cap.
249 1661 338 1748 104,
355 1673 539 1740 narrasset,
558 1683 591 1728 se
609 1655 650 1727 ab
668 1654 844 1755 adoptione
866 1657 900 1727 T
896 1657 983 1728 ebeni
993 1656 1131 1728 missum
1144 1685 1214 1730 cum

154 1805 193 1849 eo
221 1772 409 1874 prasectnm
436 1773 584 1873 equitnm
607 1770 642 1844 in
673 1773 903 1861 Germaniam,
922 1771 1217 1849 caelestissimomnr

135 1892 223 1988 'ejus
238 1918 392 1988 operum,
406 1916 571 1988 personna
581 1889 735 1962 contritum
747 1907 865 1975 novera,
883 1908 1100 1991 spectatorem
1115 1910 1147 1966 et
1159 1891 1216 1966 ad-

152 2010 293 2110 jutorem
310 2007 425 2090 luisse;
447 2006 563 2077 deinde
576 2036 646 2107 cap.
669 2033 731 2080 121
745 2007 879 2094 scribit,
894 2009 1066 2083 Tiberium
1079 2040 1119 2084 ex
1134 2010 1216 2084 Ger·

152 2123 259 2198 mania
276 2124 306 2194 tit
320 2124 422 2195 urbem
436 2149 581 2195 reversum
592 2182 600 2205 ,
609 2125 678 2224 liam
685 2122 804 2221 pn'dem
820 2123 970 2211 debitum,
994 2127 1050 2199 sed
1061 2129 1216 2200 continuo·

154 2239 233 2312 tione
258 2236 403 2309 bellorum
432 2235 584 2320 ditatum,
616 2264 657 2309 ex
684 2236 853 2310 Pannoniis
888 2241 1100 2340 Dubnntzique
1126 2242 1217 2341 egisse

154 2354 349 2452 tnitrnphnm.
364 2353 423 2426 lsti
437 2370 658 2426 autemnovem
675 2356 761 2439 anni,
783 2357 824 2428 ab
839 2387 926 2429 anno
941 2362 983 2430 U.
1000 2360 1037 2432 C.
1057 2376 1216 2434 DCCLth

156 2490 188 2547 et
207 2471 338 2570 quidem
357 2467 458 2540 vkal.
472 2468 600 2556 Julias,
618 2496 685 2568 quo
702 2468 754 2541 die
767 2468 920 2545 Tiberius
933 2473 974 2545 ab
990 2473 1146 2567 Augusto
1158 2476 1220 2549 snit

154 2587 349 2687 adoptatus,
369 2583 520 2668 deducti,
539 2584 567 2655 si
583 2580 729 2656 labentes
747 2584 906 2658 duntaxat
922 2584 1163 2683 intelligantur,
1182 2608 1219 2666 ut

155 2700 252 2800 plane
277 2701 401 2799 jndicio
423 2701 465 2772 cl.
493 2699 637 2771 virorum
658 2699 797 2789 debent;
824 2701 900 2776 binc
917 2730 1048 2776 necesse
1070 2705 1157 2794 erit,
1182 2725 1218 2781 ut

157 2818 346 2917 triumphus
361 2815 414 2888 ille
433 2815 498 2887 hoc
514 2842 601 2887 anno
621 2817 663 2889 U.
685 2818 722 2890 C.
744 2836 896 2908 ltcCLXV,
911 2819 977 2918 jam
995 2821 1109 2897 adulto
1127 2822 1216 2897 etad

155 2929 252 3002 finem
270 2949 421 3025 vergente
438 2931 557 3003 ductus
574 2931 627 3003 sit.

205 3046 255 3120 Cl.
272 3048 455 3120 Bucherius
475 3045 486 3085 ³
504 3045 579 3120 illos
596 3077 696 3122 novem
718 3077 814 3122 annos
834 3050 934 3122 veluti
949 3049 1096 3125 labentes
1112 3051 1213 3126 adsu-

156 3190 268 3248 mens,
287 3163 418 3236 eosdem
435 3162 476 3235 ad
490 3181 616 3236 sextum
630 3182 687 3238 aut
699 3166 850 3264 quintum
864 3195 1006 3241 mensem
1023 3186 1211 3266 promovet,

155 3295 253 3376 atque
271 3278 408 3377 proinde
426 3277 569 3374 colligit,
592 3281 794 3380 triumphum
807 3281 897 3355 illum
915 3284 967 3357 vix
984 3302 1059 3357 ante
1076 3287 1214 3359 Decem·

156 3393 247 3467 brem
261 3395 544 3469 autNoventbrem
552 3395 688 3495 hujusce
699 3399 773 3470 anni
785 3400 934 3501 potuisse
943 3403 1029 3476 duci.
1041 3403 1154 3478 Alibi⁴
1168 3425 1215 3480 ta-

188 3585 195 3614 ¹
214 3578 340 3633 Gassendi
354 3579 439 3632 lustit.
452 3580 558 3634 Astron.
569 3581 613 3636 lib.
626 3582 722 3654 l,cap.
735 3603 783 3651 ao,
802 3598 828 3639 et
839 3597 898 3640 ante
911 3587 984 3642 illnnr
996 3591 1074 3644 Joan.
1087 3591 1171 3646 Sacro
1182 3593 1213 3647 de

155 3664 237 3716 Bosco
250 3662 314 3731 sph.
325 3682 379 3731 cap.
392 3663 415 3715 3.
436 3663 478 3717 al
490 3684 570 3733 quem
582 3666 668 3720 locum
682 3667 804 3721 Clarius:
821 3693 834 3716 e
849 3672 996 3739 Tempore,
1010 3673 1061 3738 ait,
1074 3677 1213 3742 autumni,

157 3772 170 3792 n
184 3749 236 3801 sole
250 3747 368 3800 videlicet
381 3748 505 3801 existente
519 3751 544 3803 in
558 3751 684 3821 Scorpio,
703 3753 824 3808 oriuntur
842 3754 959 3810 Pleiades
971 3759 1070 3827 vesperi
1088 3761 1138 3813 sub
1156 3761 1215 3815 solis

157 3858 170 3878 ν
185 3853 319 3901 occasum,
334 3832 423 3898 idest,
436 3835 591 3890 chronice.»

186 3927 197 3953 ³
215 3923 270 3975 Lib.
285 3924 327 3991 ll,
341 3943 395 3994 cap.
406 3925 436 3994 47
447 3944 454 3986 ;
467 3925 508 3977 lib.
521 3927 635 3993 XVlll,
648 3949 703 3999 cap.
716 3934 764 4000 25,
778 3933 886 4001 31,etc.
900 3935 969 3989 Vide
980 3955 1036 4005 sup.
1048 3955 1104 4006 pag.
1118 3958 1173 4012 ¹79·

164 4020 166 4027 '
186 4015 196 4045 ⁵
213 4016 285 4083 Belg.
299 4017 410 4069 Roman.
425 4015 466 4068 lib.
480 4017 521 4071 lll
532 4057 539 4080 ,
552 4039 605 4087 rap.
618 4022 641 4072 3.

187 4103 198 4137 ⁸
215 4104 280 4157 Eud.
293 4105 336 4160 lib.
348 4125 402 4175 cap.
416 4128 444 4175 a,
458 4105 479 4176 S
495 4107 541 4174 13,
554 4127 610 4178 pag.
626 4111 680 4163 103.
