2768 4694
169 563 440 673 Pussuu
485 558 735 665 ovluu
772 475 1112 660 Nasonis

501 803 775 941 turs*
990 749 993 760 ’

469 1231 821 1293 ARGUMENTUM.

119 1396 197 1461 lhin,
213 1391 262 1447 sub
274 1409 326 1460 quo
336 1389 442 1442 nornine
455 1386 592 1459 Hyginum
606 1386 685 1439 latere
697 1386 804 1452 volunt,
823 1384 894 1454 quod
907 1383 997 1440 Ovidii
1011 1403 1110 1440 nomen
1124 1403 1184 1439 mv

150 1477 249 1534 leelirtis
262 1475 401 1539 laceraret,
418 1483 444 1525 et
456 1471 526 1524 salsis
542 1470 767 1523 criminationibus
780 1470 807 1521 in
817 1468 942 1522 invidiam
955 1480 981 1523 et
995 1469 1086 1522 odium
1100 1469 1185 1527 addu·
1227 1519 1230 1526 ,

147 1574 235 1627 ceres,
249 1561 320 1631 quod
331 1578 412 1629 porro
420 1559 477 1625 ejus
487 1574 597 1610 uxorem
605 1554 753 1608 sollicitaret
768 1556 918 1624 importune
927 1596 935 1622 ‚
944 1555 1188 1625 quodquesonuni,

148 1645 262 1700 inhiaret
275 1654 378 1713 poeta,
392 1639 455 1692 diris
474 1637 598 1691 omnibus
620 1635 661 1688 hie.
682 1635 802 1689 devovet.
819 1635 890 1690 Nihil
908 1657 963 1691 esse
981 1638 1062 1705 mali,
1082 1636 1186 1693 nullum

150 1730 249 1799 uspiam
274 1723 461 1795 suppliciorum
480 1738 669 1790 poenarumque
689 1739 791 1789 genus,
811 1739 863 1788 quo
882 1721 1032 1775 mortalium
1050 1722 1189 1792 quisquam

150 1813 183 1866 sit
202 1811 338 1872 adlectus,
360 1824 412 1874 quo
429 1823 485 1856 oon
500 1802 595 1871 dignus
609 1803 642 1855 sit
655 1803 727 1869 lbis,
744 1801 859 1856 nimium
876 1803 932 1857 luae
952 1803 1048 1871 docet,
1068 1806 1189 1861 vindicp„

152 1897 219 1950 ultra
229 1892 342 1947 modurn
354 1889 500 1957 indulgens.

125 2050 311 2154 TEMPUS
329 2073 371 2147 ad
387 2073 473 2159 hoc,
490 2069 605 2143 lustris
620 2068 687 2168 jaru
701 2066 756 2144 bis
771 2068 853 2142 mihi
871 2071 1018 2172 quinque
1033 2074 1190 2174 peractis,

173 2201 284 2272 Omne
302 2193 367 2267 fuit
381 2193 490 2263 Musa
510 2215 640 2262 carmen
656 2185 780 2261 inerme
796 2217 899 2276 meae;

124 2314 310 2413 Nullaque,
330 2337 402 2410 quae
419 2306 546 2407 possit,
567 2303 698 2404 scriptis
717 2320 769 2376 tot
782 2302 931 2378 millibus
944 2323 1050 2381 exstat

174 2430 289 2504 Litera
305 2423 470 2508 Nasonis,
488 2419 741 2515 sanguinolenta
758 2418 832 2515 legi.
1140 2514 1145 2523 ι

128 2545 196 2618 Nec
215 2565 414 2642 quemquam
432 2534 555 2622 nostri,
574 2532 639 2606 nisi
656 2561 736 2622 nos,
753 2531 863 2607 laesere
883 2533 1009 2624 libelli,
1181 2559 1196 2608 5

163 2716 181 2751 *
194 2713 257 2766 lus.
272 2712 310 2764 lta
321 2702 640 2761 rertiusinscribeturhoc
688 2702 774 2757 Greci
789 2705 1110 2776 uvpnttnadpettarunt.
1122 2707 1197 2762 Serv.

133 2809 242 2858 poema,
251 2805 328 2855 quam
341 2787 373 2838 lu
383 2787 445 2837 lura·
455 2821 462 2845 ,
471 2781 540 2849 quod
550 2780 641 2833 hacte-
688 2783 716 2834 in
727 2782 833 2835 AEneid.
841 2782 883 2836 lib.
894 2784 921 2851 1,
932 2804 966 2837 vs.
978 2787 1061 2840 2832«
1072 2787 1196 2841 Lustrum

133 2886 187 2920 nus
196 2864 384 2925 circumlatum
394 2860 642 2930 nequealitersuum
690 2861 806 2928 dietum,
821 2862 892 2931 quod
910 2875 967 2933 post
986 2866 1200 2935 quinquennium

133 2965 230 3018 poema
240 2943 413 2997 Callimachus
421 2938 643 3008 inscripseratvi·
690 2961 856 3011 unaquaeque
865 2944 953 2998 civitas
962 2945 1128 3001 lustrabatur.
1138 2950 1202 3003 Un-

134 3026 168 3080 de
177 3025 287 3080 Suidam
299 3024 327 3075 in
340 3028 495 3088 Καὶλψαχος.
511 3016 643 3089 Eutyches
691 3018 724 3073 de
738 3021 832 3072 Romae
845 3021 1041 3091 ambilustrum,
1061 3026 1132 3094 quod
1144 3047 1200 3081 non

134 3122 239 3174 quoque
252 3099 460 3163 Grammaticus,
474 3098 518 3149 lib.
530 3095 572 3158 ll,
585 3097 643 3146 Ovi·
691 3094 803 3161 licebat,
821 3098 870 3151 nisi
886 3101 975 3154 ambos
987 3122 1126 3168 censores,
1143 3117 1202 3175 post

133 3185 202 3234 daiam
211 3185 238 3233 in
246 3181 317 3230 Ibide
328 3177 403 3239 citat,
416 3193 471 3227 non
482 3181 510 3225 ἐπ
519 3174 583 3224 Ibtit.
592 3169 645 3223 Co-
693 3175 905 3243 quinquennium
917 3177 1026 3232 lustrare
1037 3180 1176 3235 civitatem.
1188 3205 1202 3230 s

135 3259 205 3311 dites
227 3256 305 3323 huius
321 3253 415 3318 libelli,
430 3252 474 3320 qui
489 3259 645 3302 vetustatem
695 3251 824 3320 Quamvis
845 3255 932 3306 Varro
951 3275 966 3308 a
982 3259 1092 3325 luendo,
1108 3259 1202 3327 idest,

136 3348 164 3390 et
178 3353 287 3388 manum
296 3332 537 3400 castigatampraese
547 3326 645 3392 lerant,
694 3327 819 3383 solvendo
831 3330 942 3385 lustrum
951 3331 1036 3400 ducit,
1049 3337 1120 3404 quod
1129 3340 1205 3407 quin.

136 3414 177 3467 vir
185 3413 367 3467 inveniuntur.
374 3406 539 3476 Exemplaria
545 3417 646 3472 tamen,
695 3416 724 3458 to
734 3425 838 3475 quoque
850 3427 921 3461 anno
932 3411 1080 3481 vectigalia,
1096 3425 1123 3467 et
1136 3416 1205 3469 ultro

137 3492 232 3562 quibus
249 3489 359 3541 Juretus
371 3498 398 3538 et
412 3484 556 3538 Politianus
572 3493 648 3536 erant
696 3482 793 3536 tributa
810 3505 858 3554 per
875 3505 995 3542 censores
1015 3492 1205 3560 persolveban-

138 3572 192 3638 usi,
206 3572 234 3624 in
248 3568 355 3638 optimis
374 3565 494 3618 habenda
506 3574 574 3617 sunt.
587 3561 649 3615 (Σι-
697 3574 749 3618 tur.
763 3564 870 3619 Dottrr.

138 3661 204 3717 tera,
214 3666 272 3717 quae
281 3647 311 3698 ad
322 3662 434 3697 manum
443 3642 508 3695 mihi
517 3642 577 3695 satis
585 3639 651 3692 mul·
732 3660 755 3691 2.
774 3643 879 3693 Carmen
891 3645 982 3694 inerme
990 3653 1039 3697 etc.
1052 3645 1105 3699 Hic
1119 3664 1207 3701 mores

140 3739 169 3780 ta
183 3727 311 3790 luerunt,
327 3733 397 3775 notae
416 3730 477 3774 sunt
491 3717 650 3772 recentioris.
698 3735 779 3785 suos,
798 3719 1011 3790 candoremque,
1032 3733 1059 3777 et
1070 3726 1209 3795 ingenium

145 3802 254 3858 luserim
267 3807 295 3858 in
309 3815 651 3868 transcursununcpoema·
699 3796 810 3849 minime
818 3797 975 3852 maledicum
986 3800 1083 3855 indicat
1092 3803 1169 3856 Naso.
1178 3805 1209 3857 Z.

146 3877 213 3931 tium
219 3880 267 3935 boc
273 3881 448 3944 illustremus,
461 3877 532 3946 quod
544 3876 653 3929 curisse-
735 3879 758 3942 I.
776 3878 862 3930 litera
879 3884 1078 3947 sauguinolenta.
1091 3877 1209 3938 Carmen

145 3954 242 4011 cundia
253 3957 398 4028 diligentius
408 3956 604 4012 sumuslacturi.
617 3955 654 4007 H.
702 3956 868 4009 maledicum.

181 4054 202 4086 t.
216 4035 325 4086 lustrr's.
338 4038 462 4090 Lustrum
475 4036 596 4088 dixerunt
608 4033 657 4087 La-
737 4039 760 4089 5.
778 4037 836 4089 Nisi
847 4054 886 4087 me
896 4039 980 4087 lasere
990 4038 1077 4091 libelle
1094 4043 1156 4093 Nt'ss'
1166 4062 1212 4096 nes

146 4111 656 4186 liuispatiumquinqueannorum,quosl
705 4109 791 4164 Juret.
803 4123 830 4165 et
841 4124 893 4167 tres
902 4111 953 4164 alii.
968 4112 1004 4167 H.

266 4201 384 4278 VIII.
874 4265 877 4273 ,
1060 4231 1073 4272 ι
