2768 4694
390 365 457 432 ne
480 365 520 430 Ρ.
548 358 739 432 ovrnro
763 365 985 439 nusoun.
1153 368 1214 453 401

155 520 170 546 «ι
185 490 281 552 Publii
296 488 394 551 Ovidii
413 488 537 548 Nasonis
553 488 819 564 llletamurpboscos
834 487 905 549 liber
921 509 975 548 una
989 509 1055 548 cum
1065 493 1222 553 enarratio-

155 589 241 649 nibus
258 587 408 665 Rapbaclis
423 584 510 668 Regii
525 585 688 666 duplicique
706 587 876 663 repertorio.
892 587 1048 667 Lugduni,
1074 587 1226 665 impressus

154 712 206 768 per
219 690 382 772 magistrum
400 687 553 748 Nicolaum
567 685 673 746 Wolff
685 687 719 745 dc
739 686 915 747 Alemannis.
932 687 987 748 Dic
1004 703 1081 747 xxtx
1098 690 1228 752 Novem·

156 787 235 862 bris,
252 809 328 848 anno
341 785 463 847 Domini
480 787 522 845 Μ.
536 784 777 866 Quingentesimo
799 788 902 863 primo.
921 815 936 841 »
952 785 1045 858 irs-4⁰.
1056 789 1229 849 -Rarissi-

156 909 201 947 rna
220 887 328 960 editio,
356 884 446 945 literis
470 882 595 966 gothicis
620 882 772 943 luculentis
800 884 944 960 impressa.
967 884 1142 967 Diligentius
1170 909 1229 948 eam

156 988 304 1066 descripsit
317 990 447 1070 Freytag.
475 984 551 1061 App.
566 984 652 1043 litter.
667 995 737 1043 tom.
756 984 792 1055 Ι,
816 1005 878 1067 pag.
896 983 956 1066 479
974 1007 1033 1066 seq.

196 1088 244 1147 Ad
252 1081 836 1160 hancaetatemporropertincnteditioncs
846 1094 995 1165 sequentes
1005 1084 1065 1143 sine
1074 1085 1141 1144 anni
1150 1099 1228 1147 nota.
1282 1139 1289 1153 .

197 1186 303 1261 Opera.
320 1187 355 1244 ln
371 1184 428 1242 fine
449 1205 455 1238 :
478 1207 493 1233 α
509 1181 543 1238 P.
560 1179 658 1240 Ouidii
684 1181 809 1240 Nasonis
834 1204 919 1259 opera
943 1183 1055 1256 omnia,
1079 1184 1231 1266 diligenter

155 1282 325 1355 emendata,
349 1280 499 1342 Antonius
519 1281 639 1339 Zarotus
661 1279 820 1339 Parmensis
842 1281 877 1338 ad
901 1280 1050 1339 utilitatem
1074 1284 1230 1363 juvenum,

158 1403 213 1440 nec
238 1400 301 1440 non
320 1390 350 1438 et
368 1388 553 1456 posterorum
578 1375 764 1452 impressit.»
787 1380 895 1459 (Ergo
913 1378 1105 1458 Medrblunr'.)
1129 1382 1231 1444 in-sol,

158 1514 200 1526 -
214 1480 322 1537 Panaer
335 1519 344 1551 ,
359 1489 432 1539 tom.
444 1476 492 1550 ΙΙ,
507 1495 572 1559 pag.
588 1472 636 1557 94.
1177 1548 1185 1564 ,

202 1572 345 1651 Epistola
368 1594 433 1632 cum
450 1570 561 1631 dnobus
578 1571 758 1629 commentis.
778 1569 873 1631 in-lol.
891 1593 914 1629 s.
930 1591 953 1628 a.
971 1571 990 1629 l.
1007 1584 1036 1631 ct
1054 1585 1168 1659 typogr.
1190 1614 1232 1626 -

159 1676 283 1746 Panem,
298 1683 368 1732 tom.
385 1672 444 1743 lv,
459 1690 520 1753 pag.
540 1689 606 1747 170.

202 1771 348 1834 Heroides
365 1781 393 1830 et
411 1771 440 1828 in
456 1766 530 1831 ltin.
545 1765 649 1827 in-tot.
665 1788 689 1825 s.
706 1787 731 1824 a.
747 1765 767 1825 l.
784 1777 814 1825 et
829 1778 943 1850 typogr.
954 1771 1122 1846 -Panaer,
1132 1773 1203 1838 ibid.

202 1870 367 1953 Heroidum
374 1866 567 1946 Epistularum
585 1865 655 1926 liber
666 1865 788 1939 unicus,
805 1864 915 1949 Elegiae
931 1867 990 1927 sive
1007 1869 1152 1948 Amores,
1166 1874 1232 1936 libri

165 1971 201 2032 de
215 1971 287 2030 Arte
308 1968 446 2043 Amaudi,
465 1964 657 2029 ‹lc-Remedio
675 1962 810 2035 Amoris,
828 1962 863 2021 de
876 1963 1042 2040 Tristibus,
1061 1970 1096 2031 de
1113 1972 1233 2048 Ponto,

165 2069 341 2147 Opusculum
355 2067 390 2129 de
404 2067 505 2129 Pulicc
517 2066 617 2141 ,liber
631 2063 665 2124 de
679 2060 860 2136 Philomela,
877 2062 988 2123 libellus
1004 2064 1234 2134 deltledicamine

163 2167 265 2242 faciei,
281 2169 316 2228 de
332 2170 436 2240 Nuce,
452 2165 517 2226 libri
532 2167 704 2237 Fastorum,
727 2160 799 2221 liber
812 2162 844 2219 in
862 2162 948 2237 tbin,
967 2175 996 2224 et
1012 2166 1181 2233 Consolatio
1199 2174 1234 2233 ad

166 2267 284 2328 Liviam.
296 2267 391 2327 insol.
410 2288 432 2324 s.
449 2287 473 2323 a.
489 2266 508 2324 l.
520 2276 550 2324 et
564 2277 680 2348 typogr.
695 2296 735 2307 -
754 2261 905 2337 catalogue
916 2263 965 2321 des
979 2264 1075 2326 Liures
1091 2270 1234 2349 imprimes

166 2367 202 2424 de
217 2368 246 2425 Iu
264 2366 457 2443 Bittiotttque
472 2365 509 2421 du
525 2363 588 2422 Rei.
612 2367 730 2432 Foetes,
748 2383 777 2420 n.
797 2356 883 2418 1131.

205 2463 348 2540 Epistulae
361 2460 523 2534 Heroides,
548 2461 676 2543 Sapphus
692 2459 821 2536 Epistola
836 2471 865 2517 ct
880 2458 910 2516 in
928 2457 1002 2518 Ibin.
1018 2462 1054 2521 lu'
1069 2463 1143 2522 fine:
1161 2491 1177 2517 u
1193 2468 1233 2528 Et

163 2567 206 2626 sic
221 2573 265 2622 est
280 2561 344 2620 linis
356 2559 447 2641 hujus
458 2559 564 2641 operis,
580 2560 612 2619 iu
625 2580 683 2640 quo
698 2557 758 2618 haec
773 2557 867 2617 omnia
882 2557 1068 2620 continentur
1081 2563 1230 2625 videlicet:

164 2665 198 2723 P.
223 2657 324 2721 Ovidii
338 2656 465 2716 Nasonis
485 2656 625 2733 Epistolae
642 2655 783 2716 Heroides
803 2654 885 2735 (sic)
901 2677 957 2715 una
973 2679 1037 2717 cum
1054 2663 1233 2738 expositione

163 2763 239 2821 Ant.
262 2757 372 2816 Volsci.
396 2753 586 2836 chrtiniquc
602 2754 698 2815 clerici
721 2753 951 2816 Crescentinatis.
982 2757 1118 2839 Ejusdem
1135 2761 1235 2823 Ovidii

164 2857 262 2935 Sapbo
273 2897 282 2928 ,
295 2876 360 2915 cum
369 2852 546 2930 expositione
561 2852 713 2913 Calderini.
725 2855 848 2914 Necnon
863 2855 988 2933 ejusdem
1006 2855 1105 2916 Ovidii
1120 2857 1231 2924 libellus

164 2957 195 3017 in
205 2955 288 3028 lhin,
306 2977 370 3015 cum
386 2952 563 3030 expositione
575 2951 701 3035 ejusdem
712 2951 842 3011 Domitii.
858 2952 948 3026 Quod
963 2974 1034 3031 opus
1048 2956 1168 3019 fideliter
1180 2982 1231 3021 ac-

166 3054 398 3134 curatissimeque
416 3052 584 3129 impressum
603 3051 665 3111 [uit.
687 3051 762 3112 Laus
773 3052 848 3114 Deo.
862 3080 877 3106 υ
888 3053 985 3115 in-sol.
1004 3057 1073 3116 min.
1090 3080 1113 3120 s.
1130 3082 1155 3121 a.
1167 3062 1187 3122 l.
1202 3081 1231 3126 et

165 3172 277 3240 typogr.
288 3189 331 3204 -
341 3156 465 3228 Panzer,
480 3167 551 3215 tom.
566 3154 619 3224 lv,
636 3174 700 3234 pag.
711 3149 781 3235 476.

207 3257 251 3314 Dc
262 3257 334 3316 Arte
347 3253 491 3326 Amandi,
506 3252 646 3313 Remedio
658 3248 793 3323 Amoris,
805 3253 836 3312 in
853 3253 917 3313 lbin
931 3297 940 3328 ‚
958 3254 993 3315 de
1006 3257 1088 3319 Nuce
1102 3263 1231 3343 ‚Fastis‚

168 3353 331 3427 Tristibus,
353 3355 472 3426 Ponto,
497 3352 616 3425 Pulice,
635 3349 802 3412 Philomela
827 3352 928 3414 in-lol.
947 3377 970 3413 s.
985 3377 1010 3414 a.
1036 3357 1054 3417 l.
1072 3371 1101 3419 et
1116 3374 1230 3449 typogr.

167 3450 289 3522 Panzer,
300 3460 371 3508 tom.
388 3451 445 3522 w,
463 3470 526 3534 pag.
547 3470 612 3532 170.

209 3550 254 3607 De
277 3547 414 3608 Remedio
436 3549 574 3622 Amoris,
592 3570 656 3608 cum
675 3560 827 3610 comment.
851 3576 865 3603 α
883 3549 1018 3627 Parisiis,
1044 3556 1118 3637 apud
1136 3558 1230 3619 vicum

173 3645 316 3717 Citlrsrae,
342 3664 393 3719 per
407 3641 570 3723 Philippum
600 3646 750 3723 Pupuuchet
768 3661 991 3707 commorantem
1015 3650 1142 3712 indomo
1168 3654 1233 3712 col-

169 3740 237 3824 legii
248 3740 282 3798 de
298 3738 454 3797 Dainvt'lle.
468 3767 483 3794 »ι
496 3738 588 3802 in-80.
600 3765 623 3802 s.
641 3765 673 3800 n.
687 3762 711 3800 a.
726 3773 768 3787 -
777 3743 898 3817 Panaer,
915 3756 985 3805 tom.
998 3747 1048 3817 ll,
1063 3767 1125 3827 pag.
1141 3744 1210 3820 346.

210 3838 291 3900 Libri
303 3837 582 3915 Metamorphoscon.
603 3841 708 3920 lncipit
720 3840 868 3916 versibus,
892 3842 970 3901 Orba
984 3853 1100 3926 parente
1115 3865 1165 3904 suo
1176 3860 1232 3910 etc.

169 3947 204 4004 ln
221 3941 277 3998 fine
293 3961 300 3997 ε
319 3938 408 3998 Ριήιέ.
426 3936 526 3998 in-lol.
539 3961 563 4002 s.
579 3961 602 3999 a.
622 3941 642 4001 l.
654 3955 684 4001 et
695 3953 808 4023 typogr.
826 3940 901 4001 char.
916 3942 1036 4011 eodem,
1053 3951 1086 3999 ut
1101 3941 1231 4023 videtur,

169 4061 227 4121 quo
239 4037 354 4098 Vindel.
365 4037 401 4096 de
416 4037 499 4114 Spira
515 4048 544 4097 et
558 4040 608 4100 Jo.
619 4038 654 4101 de
668 4039 791 4102 Colonia
804 4040 849 4101 usi
863 4054 931 4102 suut
945 4043 976 4100 in
998 4038 1117 4115 Plauto,
1134 4043 1229 4125 1472,

171 4155 218 4201 aut
235 4162 289 4212 eo,
308 4161 366 4220 quo
383 4138 481 4200 Udalr.
498 4140 574 4200 Hau.
590 4149 620 4200 et
632 4138 746 4202 Sim.de
759 4142 859 4214 Luca,
875 4163 941 4201 anu.
962 4138 1060 4224 1471,
1079 4142 1229 4222 impresse-

285 4227 397 4297 VIII.
980 4229 1024 4294 26
