2768 4694
156 330 224 396 ²92
371 308 375 321 ·
485 297 891 366 nnnrcarronus

155 442 264 518 solum
278 441 332 513 hic
347 432 496 541 loquitur
508 446 640 527 auctor,
658 466 767 539 neque
779 438 957 512 Corinnam
966 435 1073 513 solam
1085 443 1223 532 amarit,

157 555 250 659 quod
274 554 402 656 liquido
418 571 509 655 patet
527 581 565 627 ex
580 552 695 648 Elegia
710 572 749 625 lv
768 570 801 624 et
817 572 880 626 xlx
894 550 972 626 libri
988 553 1022 624 tl
1036 553 1222 643 Amorum,

156 691 256 775 atque
273 699 312 746 ex
328 670 420 758 aliis,
438 671 474 743 in
493 669 616 770 quibus
633 668 754 743 latetur
770 669 911 764 ingenue
926 668 1037 756 Naso,
1057 698 1093 744 se
1109 670 1224 747 multa-

155 817 228 863 rum
246 785 431 889 puellarum
448 811 559 860 amore
577 803 708 886 captum
727 784 838 860 luisse.
864 787 943 858 Non
971 801 1081 859 tamen
1103 786 1226 864 inficias

157 934 215 993 eo,
239 905 419 979 Corinnam
447 902 477 975 ei
506 901 630 976 ceteris
658 901 817 976 cariorem
840 899 961 988 fuisse,
990 902 1029 975 de
1050 902 1228 1006 eademqne

155 1020 362 1121 frequentius
378 1017 536 1118 scripturn
555 1036 656 1093 esse':
682 1036 720 1092 ut
737 1017 766 1092 si
783 1017 930 1116 amajori
947 1035 1041 1117 parte
1057 1019 1229 1096 ducendus

155 1140 200 1214 sit
215 1137 350 1221 titulus,
366 1163 483 1236 parum
497 1153 652 1235 peccent,
673 1134 731 1235 qui
746 1135 898 1208 Corinnae
913 1135 1046 1210 nomine
1062 1137 1229 1239 hocopus

157 1273 287 1328 vocant.
308 1251 449 1326 Gravius
466 1268 575 1324 autem
594 1249 642 1323 illi
660 1279 765 1324 errare
783 1249 865 1322 mihi
881 1250 1055 1338 videntur,
1077 1254 1137 1352 qui
1155 1252 1227 1327 licet

157 1398 256 1442 manu
276 1365 491 1466 scriptorum,
510 1363 761 1462 depravatorum
780 1382 888 1438 tamen
907 1362 1227 1464 exemplarium,au·

157 1483 343 1558 ctoritatem
358 1479 484 1566 secuti,
503 1478 567 1551 hos
590 1495 656 1552 tres
679 1477 813 1553 libellos
835 1480 891 1553 De
911 1480 982 1553 sine
1002 1479 1102 1555 titulo
1121 1483 1229 1557 nomi·

160 1617 265 1673 nant:
287 1625 326 1670 ex
350 1594 471 1696 quibus
490 1594 603 1695 (quod
627 1595 766 1669 maxime
791 1595 918 1687 miror)
935 1616 1015 1671 sunt
1029 1599 1230 1676 Laurentius

159 1711 341 1797 Vallensis,
359 1729 392 1784 et
414 1714 562 1785 loannes
585 1709 788 1818 lortellius,
819 1712 877 1813 qui
900 1741 970 1787 non
994 1713 1148 1788 ineruditi
1167 1715 1228 1790 lta·

156 1832 289 1905 bentur.
310 1830 441 1902 Horum
462 1827 655 1929 ‚opinionem
679 1827 836 1928 pluribus
859 1829 1060 1924 argumentis
1079 1828 1230 1905 refellere

116 2004 120 2010 ,
157 1975 229 2019 non
240 1961 376 2045 oportet
390 1975 398 2017 :
413 1944 492 2018 satis
506 1943 592 2015 enim
605 1942 721 2029 fuerit,
738 1962 845 2043 poetae
859 1945 1055 2029 sententiam
1066 1964 1098 2019 et
1110 1945 1228 2020 volun·

159 2077 259 2134 tatem
273 2060 312 2133 de
326 2059 426 2157 hujus
439 2057 550 2158 operis
567 2057 681 2146 titulo,
695 2059 800 2158 ipsius
815 2060 925 2134 verbis
938 2061 1124 2137 adduxisse.
1139 2064 1229 2138 Naso

157 2176 339 2273 igitur,lib.
353 2177 403 2247 Ill
417 2173 456 2247 de
466 2175 564 2261 Arte,
576 2173 676 2271 hujus
685 2174 737 2246 sui
750 2176 860 2275 operis
875 2177 918 2250 ita
928 2179 1098 2254 meminit:
1111 2214 1129 2246 a
1141 2181 1229 2254 Deve

163 2327 180 2358 ιι
200 2292 309 2366 trihus
326 2291 439 2377 libris,
460 2288 576 2363 titulus
588 2317 672 2390 quos
686 2289 795 2385 signat
809 2293 989 2382 Amomm,
1005 2293 1119 2390 Elige,
1140 2297 1229 2398 qnod

162 2442 182 2476 a
202 2406 304 2482 docili
320 2403 467 2481 molliter
481 2435 538 2479 ore
555 2404 653 2500 legas.
672 2439 688 2469 »
705 2406 801 2480 Dixit
815 2438 948 2510 quoque
962 2410 1019 2483 lib.
1037 2413 1109 2501 lll,
1126 2411 1178 2486 El.
1196 2431 1229 2502 l,

162 2527 263 2626 liujus
282 2525 392 2626 operis
406 2554 414 2598 ε
432 2557 449 2589 «
466 2523 569 2597 teneri
589 2542 808 2623 properentur
822 2554 965 2609 amores,
984 2528 1074 2600 Dum
1090 2548 1227 2604 vacat.»

160 2640 270 2717 Facile
283 2641 386 2737 igitur
394 2668 484 2714 nunc
494 2656 646 2713 constare
659 2639 763 2712 cuivis
775 2640 917 2740 poterit,
930 2642 995 2716 uisi
1006 2645 1110 2743 lpsaea
1121 2645 1229 2748 (quod

164 2761 278 2853 aiunt)
298 2755 444 2841 caeciori,
463 2753 597 2828 titulum
615 2783 685 2829 esse
702 2758 846 2831 Amores.
867 2761 1028 2835 Ceterum
1044 2793 1116 2838 non
1134 2767 1177 2840 ab
1194 2791 1229 2839 re

160 2873 231 2946 sore
252 2870 420 2954 existimo,
435 2870 464 2944 si
480 2871 673 2971 priusquam
686 2872 728 2945 ad
741 2875 903 2948 Amorum
919 2875 1226 2977 interpretationem

165 2986 315 3059 dellectat
334 2987 459 3074 oratio,
478 2985 556 3086 quid
572 2985 688 3082 Elegia
701 2988 763 3076 sit,
778 3017 850 3089 quae
863 2990 931 3086 ejus
947 2992 1060 3088 origo,
1078 2995 1228 3069 undedi-

166 3120 276 3188 catur,
298 3099 431 3201 quinam
451 3119 521 3174 tum
542 3102 632 3202 apud
660 3103 814 3191 Grecos,
834 3123 902 3179 tum
928 3110 1016 3207 apud
1038 3111 1173 3184 Latinos
1190 3110 1228 3185 in

167 3217 267 3311 elegis
285 3216 465 3291 scribendis
482 3217 674 3303 floruerint,
693 3248 792 3319 quam
813 3222 1019 3321 paucissimis
1041 3225 1228 3302 ostendero.

165 3334 314 3430 Elegiam
331 3334 378 3407 sic
393 3333 515 3409 diffinit
531 3335 727 3424 Diomedes,
744 3355 783 3411 ut
800 3338 907 3426 dicat,
926 3371 995 3416 eam
1012 3371 1083 3418 esse
1098 3373 1231 3423 carmen

167 3451 387 3551 compositum
403 3450 589 3525 hexametro
606 3478 720 3538 versu,
738 3471 1021 3556 pentarnetroque,
1036 3459 1076 3532 ad
1088 3459 1231 3537 invicem

167 3565 298 3668 positis.
328 3564 507 3661 Elegorum
525 3583 634 3640 autem
652 3567 812 3663 originem
836 3570 991 3645 incertam
1012 3602 1101 3663 esse,
1121 3577 1231 3652 Hora·

167 3683 252 3769 tius,
267 3680 301 3754 in
320 3683 402 3755 Arte
421 3681 572 3769 poetica,
590 3680 643 3755 his
656 3685 856 3758 carminibus
870 3705 1008 3763 testatur
1023 3719 1031 3762 :
1047 3725 1064 3756 «
1078 3693 1169 3788 Quis
1183 3711 1229 3768 ta·

171 3832 188 3860 »ν
210 3826 284 3871 men
306 3799 442 3892 exiguos
468 3796 578 3892 elegos
602 3798 745 3873 emiserit
766 3820 904 3889 auctor,
925 3807 1139 3880 Grammatici
1162 3836 1231 3883 cer·

171 3947 188 3974 ι»
209 3929 296 4000 tant,
314 3929 348 3986 et
361 3911 469 3984 adhuc
485 3912 547 3985 sub
564 3914 673 4011 judice
687 3913 728 3988 lis
743 3934 801 3990 est.
820 3952 837 3982 »
853 3921 930 3993 Non
943 3922 1062 3995 desunt
1077 3924 1227 4011 interim,

170 4026 227 4125 qui
244 4024 429 4099 Callinoum
447 4027 620 4126 quemdam
632 4029 755 4127 Elegiae
767 4033 970 4114 inventorem
982 4038 1146 4115 exstitisse
1163 4058 1226 4112 tra·
