2752 5136
151 691 217 776 dou
414 686 644 755 NOTITIA
665 686 960 754 multtatus

646 820 733 886 ¹501.

189 954 329 1034 Epistolce
345 953 509 1028 Heroides,
527 954 644 1037 Ssppho
654 966 684 1016 et
698 953 729 1014 in
742 954 817 1017 Ibin.
831 953 952 1016 Inbue:
969 979 985 1008 ι
995 955 1037 1015 Et
1049 953 1092 1016 sit
1103 966 1149 1016 est
1161 956 1219 1019 bnis

150 1053 236 1135 bujus
253 1051 370 1134 operis,
384 1051 415 1110 in
435 1070 494 1133 quo
514 1051 575 1111 brec
594 1050 691 1111 omnia
713 1048 897 1112 contineam
915 1048 1062 1113 videlicet.
1076 1052 1114 1111 P.
1129 1053 1222 1116 Ovidii

152 1150 278 1214 Nasonis
305 1148 446 1231 Epistola
467 1149 629 1224 Heroides,
643 1170 700 1211 una
720 1170 786 1211 cum
810 1148 1038 1232 expositionibus
1057 1151 1223 1217 eximiorum

150 1253 299 1326 virorum,
315 1249 388 1310 Ant.
400 1248 501 1310 Volsci
511 1292 521 1323 ‚
533 1248 726 1332 libertinique
743 1248 871 1325 Clerici,
885 1250 1122 1314 Crescentinatis.
1138 1255 1223 1337 Ejus·

153 1350 218 1412 dem
245 1346 345 1411 Ovidii
361 1347 498 1429 Seppbo‚
516 1368 582 1408 cum
604 1347 786 1430 expositione
803 1348 1018 1431 siugnluissimi
1039 1349 1226 1433 interpretis,

153 1445 274 1508 Domitii
290 1442 442 1506 Calderini.
458 1445 522 1505 Nec
539 1464 599 1506 uon
614 1444 742 1527 eprsdem
759 1445 861 1508 Ovidii
876 1444 986 1507 libellus
1002 1445 1033 1506 in
1053 1446 1141 1522 ibim,
1160 1472 1224 1511 cum

155 1546 337 1630 expositione
351 1543 476 1627 ejusdem
491 1542 624 1604 Domitii.
642 1544 732 1619 Quod
747 1567 820 1622 opus
831 1544 949 1607 feliciter
960 1546 1225 1631 accuratissimeque

154 1647 325 1727 impressum
340 1643 396 1704 luit
410 1641 540 1704 Veneriis
552 1685 562 1716 ‚
579 1664 631 1719 per
644 1646 663 1702 J
666 1664 786 1704 oannem
797 1642 952 1727 Alnysium
962 1643 997 1705 de
1006 1645 1139 1721 Varisio‚
1158 1648 1223 1708 Me-

156 1746 227 1810 diol.
245 1743 451 1815 MCCCCCI,
466 1741 605 1826 vigesimo
614 1742 751 1805 Kalendss
765 1741 848 1802 Julii.
861 1744 935 1804 laus
949 1744 1025 1804 Deo.
1036 1770 1052 1799 ι
1071 1746 1177 1808 in-Iol·
1186 1780 1224 1792 -

153 1843 279 1917 Pontes,
298 1854 369 1903 tom.
387 1841 484 1913 vul,
500 1861 563 1924 μς.
580 1837 649 1916 344.

198 1949 339 2030 Epistola
362 1970 427 2009 cum
443 1960 596 2010 comment
616 1945 773 2010 seriorum.
798 1947 833 2007 Iu
845 1945 903 2007 Iine
921 1969 929 2004 :
946 1973 962 1999 κ
975 1949 1152 2031 Impressum
1168 1951 1223 2011 Ve-

156 2049 240 2112 netis
249 2069 301 2132 per
311 2043 810 2113 Ioannemi'scuinumds'l'ridino.
819 2045 911 2119 um,
924 2045 1219 2110 diexmensianIii·

156 2147 259 2208 in-Iol.
276 2166 343 2207 cum
356 2142 406 2232 lig.
416 2177 460 2193 -
470 2144 596 2220 Paucos,
609 2154 683 2206 tom.
694 2142 793 2219 vm,
802 2162 867 2226 pag.
880 2139 953 2218 341.

195 2251 389 2333 Epistularum
405 2249 486 2313 liber.
501 2274 518 2306 e
533 2250 667 2331 Impress.
682 2246 811 2330 Liptrick
825 2270 877 2331 per
895 2246 1099 2311 Baedsufin
1112 2247 1221 2310 wetf-

156 2369 279 2434 gangum
296 2349 508 2423 monacensem,
517 2367 592 2406 anuo
605 2344 726 2406 Domini
739 2345 935 2409 mcccccl.
946 2372 961 2399 ι
969 2342 1220 2422 tutu-Panse,

157 2458 229 2507 tom.
245 2446 326 2519 vll,
345 2467 408 2528 pag.
424 2439 490 2504 138.
727 2446 729 2450 ⁴

41 2620 44 2625 ,
199 2560 234 2618 In
251 2558 379 2640 Suppbo·
410 2555 573 2637 Sapphicou
599 2554 723 2617 Arnoldi
748 2557 942 2621 Westeieldes
967 2556 1165 2622 Lindariensis
1184 2560 1221 2623 ad

158 2659 318 2720 lectorem
330 2658 366 2715 In
375 2656 432 2717 linc
446 2677 453 2713 :
472 2681 487 2707 e
498 2657 671 2738 impressum
682 2654 771 2738 Lipsi
781 2677 832 2738 per
847 2656 987 2719 Iacobum
1000 2656 1133 2720 Thanner
1142 2660 1222 2721 Her·

158 2757 353 2840 bipolensern,
369 2776 445 2818 anno
461 2754 556 2816 salutis
566 2766 665 2815 nostre
679 2740 790 2815 1501&
801 2754 1148 2834 in·4⁰.-Panser‚tom.
1159 2759 1220 2833 XI,

158 2878 222 2940 pag.
238 2855 308 2940 429.

198 2965 267 3025 Duo
287 2961 351 3023 libri
371 2961 550 3025 continentes
573 2959 689 3022 Amoris
710 2959 853 3024 Remedia.
880 2964 915 3022 ln
937 2961 997 3024 line
1015 2987 1023 3023 ι
1042 2991 1058 3017 e
1073 2965 1108 3025 P.
1126 2964 1218 3028 Ovidii
1247 3037 1249 3040 v

160 3061 284 3125 Nasonis
299 3060 334 3120 de
348 3058 489 3121 Remedio
504 3057 621 3119 Amoris
637 3056 702 3118 iibri
715 3058 773 3119 duo
787 3081 794 3117 ι
808 3057 946 3119 industris
964 3059 1091 3123 Amoldi
1103 3063 1218 3123 Wcste·

158 3158 245 3221 Ieldes
265 3159 451 3241 ingenuarum
467 3153 569 3215 artium
584 3154 710 3239 magistri
724 3157 871 3219 emendati,
883 3159 974 3220 Anno
990 3182 1008 3221 a
1023 3161 1105 3222 natali
1120 3162 1216 3223 Cbris·

156 3258 236 3316 tiano
257 3250 351 3326 1501,
368 3253 491 3335 septimo
516 3251 583 3312 Idus
601 3253 682 3312 Junii
696 3252 837 3316 :feliciter
853 3256 1052 3320 terminantm.
1066 3286 1082 3314 s
1105 3260 1217 3342 Insigne

158 3366 217 3437 typ.
234 3358 294 3417 Jac.
309 3354 453 3415 Thanner.
463 3348 556 3423 ἰπὶ-40.
572 3384 613 3396 --
625 3352 747 3428 Pariter,
764 3353 831 3414 ibid.

198 3459 297 3522 Ovidii
304 3458 465 3542 quindecim
477 3455 744 3540 metamorphoseos
755 3459 820 3520 libri
831 3460 995 3544 diligentius
1005 3465 1214 3546 recogniticum

157 3555 335 3618 iunilisribus
344 3555 552 3618 commentariis
562 3576 570 3613 ε
582 3566 612 3616 et
622 3555 714 3618 iudice
725 3555 899 3634 alphabetico
908 3560 944 3620 ab
957 3559 1092 3622 Ascensio
1105 3583 1214 3624 summa

159 3675 225 3716 cura
240 3655 385 3716 collecto:

320 3802 350 3857 Si
358 3800 440 3858 virtus
450 3803 530 3856 animi
542 3802 620 3857 rebus
630 3815 751 3874 prestare
763 3803 866 3860 caducis

320 3889 465 3948 Creditur:
478 3892 584 3949 excultis
594 3893 631 3947 nil
642 3894 752 3966 dignum
765 3894 864 3950 duxero
878 3897 957 3954 libris.

319 3983 387 4038 Ecce
400 4002 491 4054 parare
503 3985 550 4038 tibi
563 3984 670 4054 postbsc
681 3984 796 4048 studiosa
808 3987 932 4054 juventus

318 4074 384 4130 AErc
397 4087 471 4145 potes
482 4075 586 4130 modico
596 4094 661 4144 quos
672 4076 757 4132 multo
767 4077 944 4148 impressimus
958 4099 1031 4136 auro.

156 4221 363 4283 venundantur
377 4218 511 4301 Lugduni
526 4217 562 4279 ab
574 4218 685 4282 Jacobo
701 4220 875 4301 Huguetano
892 4190 1019 4306 ejusdem
1034 4226 1155 4288 civitatis
1170 4226 1212 4288 bi-

156 4316 280 4395 bliopola
293 4327 323 4378 et
337 4315 437 4396 sivein
451 4312 515 4376 vico
530 4314 688 4378 mercuriali
700 4357 711 4392 ,
723 4328 778 4377 etc.
797 4319 837 4379 Et
849 4320 994 4398 parrhisiis
1009 4322 1040 4384 in
1050 4324 1118 4387 vico
1131 4323 1212 4388 uncti

155 4415 255 4480 Jacobi
279 4413 332 4477 sub
355 4413 429 4479 Dira
448 4411 568 4494 Vispiue
587 4436 678 4492 prope
700 4414 836 4479 Sanctum
860 4421 1057 4484 benedictum.
1085 4427 1122 4487 In
1135 4425 1206 4486 fine:
