2768 4694
157 340 218 426 ιιι
474 342 514 407 r.
541 304 728 408 ovinn
759 339 887 406 vnn

313 478 369 532 Nee
380 495 444 548 quor
455 476 572 546 piniferis
582 476 678 546 posito·
688 475 715 530 in
728 480 835 530 collibus
846 479 931 528 hodos

343 565 448 636 Spectet
459 565 594 622 Flaminia
607 569 696 620 Clodia
707 568 796 635 juncta
810 566 867 618 riae.

317 659 395 729 Quos
408 678 457 730 ego
469 659 555 714 nereio
568 658 610 713 eui
621 657 688 713 notui
698 680 704 722 ;
715 657 808 728 quibua
816 659 869 727 ipse
882 656 998 711 ooiebrm

349 748 393 802 Ad
405 760 458 803 eata
468 749 590 802 fontanae
600 749 613 818 (
622 767 671 803 net
683 748 783 819 pudet)
796 747 892 801 addere
909 766 994 834 aquas.

312 837 383 893 Sunt
395 839 446 906 ibi,
459 839 480 894 ri
493 840 598 906 vivunt,
611 849 700 892 uortn
709 857 812 909 quoque
823 839 922 893 consite
933 837 1087 908 quondam,

346 930 400 985 Sed
412 950 467 985 nou
481 940 509 985 et
521 940 610 984 nostra
623 948 701 999 poma
712 927 822 999 legenda
835 947 924 981 manu.

156 1048 320 1124 Piniferos
327 1049 425 1122 hosne
435 1045 554 1135 colles,
565 1045 731 1146 inquibus
737 1045 793 1120 siti
801 1045 1088 1120 sueruntNasouis
1104 1045 1215 1119 'horti

157 1163 208 1239 Cl.
228 1163 301 1245 Nic.
318 1163 474 1238 Heinsius
487 1162 528 1235 de
540 1163 706 1261 Apennino
718 1159 875 1256 iutelligit
888 1179 1017 1247 moute,
1033 1161 1091 1262 qui
1105 1159 1217 1235 etiam·

154 1307 235 1353 num
247 1277 540 1379 frequentissimam
557 1277 673 1377 pinum
690 1276 772 1361 fert,
789 1295 822 1350 et
838 1305 897 1378 per
913 1305 1029 1377 quem,
1044 1294 1084 1350 ut
1099 1295 1216 1378 putat,

159 1391 272 1466 Clodr'n
287 1392 338 1463 via
356 1389 579 1463 deducebatur
596 1393 702 1464 Roma
715 1393 838 1464 Lucam
856 1421 972 1492 usque.
989 1394 1113 1466 Verum
1129 1393 1218 1468 reri·

155 1508 261 1581 simile
281 1535 349 1578 nou
373 1523 444 1593 est,
463 1505 545 1580 hanc
571 1506 653 1580 viam
670 1532 729 1606 per
744 1505 956 1606 Apenninum
973 1533 1043 1580 esse
1061 1505 1213 1593 ductam,

158 1651 247 1722 quae,
260 1622 432 1696 Antonino
445 1622 608 1708 tradente,
622 1648 681 1722 per
693 1622 872 1706 Amnum,
887 1622 1077 1695 Florentron
1089 1648 1126 1695 ac
1141 1620 1214 1695 Pis-

159 1735 268 1808 ton‘nm
279 1733 542 1808 ferebathconn.
558 1735 621 1807 Vix
631 1735 728 1808 etiam
741 1733 934 1809 crediderim
950 1734 1130 1810 Ovidiauoe
1140 1733 1217 1807 hor·

160 1866 212 1922 tos
231 1865 295 1922 tam
312 1848 408 1944 louge
427 1851 533 1922 Roma
551 1865 694 1922 remotos
711 1848 831 1935 suisse3
849 1876 950 1949 quum
965 1848 1001 1921 id
1017 1875 1122 1942 genus
1133 1846 1220 1920 deli-

161 1964 228 2037 cias
243 1963 385 2038 solerent
408 1964 551 2073 Romani
569 1991 673 2064 prope
691 1963 807 2038 urbem
822 1964 962 2050 habere,
981 1981 1019 2035 ut
1035 1991 1076 2037 eo
1091 1961 1219 2036 facilius

161 2079 367 2167 secederent,
385 2079 434 2152 vel
451 2079 543 2165 inde,
562 2079 695 2178 quando
707 2078 852 2167 luberet,
867 2081 1007 2153 Romam
1019 2094 1220 2179 repetereut;

162 2193 436 2293 quemadmodum
464 2213 496 2265 et
520 2193 584 2294 ipsi
615 2193 737 2268 ovidio
760 2221 832 2265 mos
849 2211 933 2280 erat,
951 2191 1052 2265 Trist.
1077 2191 1135 2267 lib.
1160 2194 1219 2279 lv,

162 2308 254 2402 Eleg.
274 2329 359 2396 vul,
377 2338 458 2382 vers.
478 2310 523 2380 25
539 2295 555 2381 :¹

321 2455 439 2523 Tempus
450 2465 521 2520 erat,
535 2475 585 2509 nec
597 2473 640 2508 me
651 2454 818 2523 peregrinum
831 2453 926 2507 ducere
938 2452 1045 2518 etium,
1058 2463 1106 2506 ete.

324 2543 376 2597 Sed
387 2544 483 2610 modo,
497 2564 560 2614 quos
572 2545 663 2610 habui,
678 2562 787 2596 vacuum
800 2543 920 2596 secedere
931 2543 959 2594 iu
970 2541 1075 2595 hortos:

356 2637 433 2690 Nunc
444 2636 582 2692 hominum
593 2634 650 2689 visu
663 2652 751 2687 rursus
763 2645 789 2686 et
802 2634 865 2686 urbe
877 2631 937 2685 fmi.

165 2750 227 2823 His
244 2750 279 2822 in
302 2750 408 2824 hortis
434 2777 567 2851 operam
595 2749 794 2823 carminibus
822 2748 976 2836 navabat,
993 2748 1094 2822 Trist.
1113 2747 1171 2822 lib.
1188 2752 1221 2836 l,

166 2863 257 2958 Eleg.
278 2863 337 2938 ult.
353 2894 434 2937 vers.
453 2866 520 2964 37:

328 3010 389 3062 Non
401 3008 456 3063 hec
467 3010 495 3062 in
506 3014 613 3072 nostris,
633 3019 662 3064 ut
673 3009 807 3079 quondam
818 3049 826 3075 ,
840 3015 972 3064 scrlbe'rnrs
980 3013 1066 3064 donn's.

164 3123 312 3196 Tandem
329 3124 370 3198 de
387 3152 448 3198 suo
467 3126 501 3197 in
516 3153 632 3219 genere
646 3153 746 3199 censu
760 3125 828 3201 hec
841 3126 881 3199 ad
897 3127 1086 3222 Augustum
1100 3125 1222 3200 habet:

165 3237 265 3312 Trist.
282 3237 340 3312 tib.
358 3242 409 3328 11,
430 3268 510 3314 vers.
535 3267 603 3313 110
620 3269 706 3343 sqq:

359 3385 443 3437 Pam
453 3384 559 3453 quidem
571 3385 664 3458 periit,
680 3386 727 3441 red
737 3387 794 3441 eine
806 3387 877 3453 labe,
892 3389 988 3440 donus.

326 3471 370 3526 Sic
379 3492 482 3543 quoque
490 3495 572 3542 perna
582 3486 670 3530 tamen
677 3515 685 3542 ‚
693 3481 778 3544 patrio
786 3476 888 3532 dicatur
898 3483 928 3529 ut
939 3492 991 3526 eno

361 3561 473 3632 Cure,
487 3584 536 3620 nec
549 3563 625 3619 ultio·
635 3570 768 3622 nobilitate
776 3568 878 3622 minor:
1060 3561 1063 3565 ’

202 3732 210 3760 ¹
229 3729 286 3781 Hos
307 3725 397 3782 Ovidii
419 3732 504 3784 honos
527 3729 638 3784 Nardini
660 3732 767 3786 collocat
785 3725 855 3782 haud
880 3726 957 3796 longe
975 3744 990 3778 a
1005 3725 1092 3778 Ponte
1114 3725 1228 3791 ΙΙιῚνῶς

167 3830 192 3878 p.
204 3812 261 3877 485.
274 3812 359 3881 Prope
376 3809 447 3866 hunc
458 3802 575 3868 Pontem
586 3815 655 3869 intra
666 3815 720 3869 viae
733 3812 910 3878 Florentiam,
924 3821 953 3864 et
969 3805 1102 3863 laentum
1123 3807 1229 3862 dueen-

167 3905 222 3962 ιιι,
240 3907 443 3951 monumentum
461 3917 501 3950 an.
522 3899 601 3968 1674,
619 3909 753 3970 repertum
771 3896 823 3950 [uit
842 3894 1021 3966 sepulchrale‚
1046 3892 1079 3947 ad
1096 3896 1226 3946 Nasum

167 3976 290 4033 semidam
303 3982 451 4050 pertinens,
461 3991 491 4034 ut
500 4000 531 4034 ex
543 3982 732 4054 inscriptionib.
743 3991 829 4054 patet,
843 4001 907 4052 quei
918 3999 980 4037 cum
992 3978 1085 4036 ieouib.
1093 3977 1189 4041 edidit,
1199 3982 1226 4026 et

169 4061 237 4116 notia
248 4065 350 4119 ornavit
362 4062 403 4119 (ΖΙ.
412 4067 545 4119 Bellorios.
