<?xml version="1.0" encoding="UTF-8"?>
<!DOCTYPE html PUBLIC "-//W3C//DTD XHTML 1.0 Transitional//EN"
    "http://www.w3.org/TR/xhtml1/DTD/xhtml1-transitional.dtd">
<html xmlns="http://www.w3.org/1999/xhtml" xml:lang="en" lang="en">
 <head>
  <title>
</title>
<meta http-equiv="Content-Type" content="text/html;charset=utf-8" />
  <meta name='ocr-system' content='tesseract 3.04.00' />
  <meta name='ocr-capabilities' content='ocr_page ocr_carea ocr_par ocr_line ocrx_word'/>
</head>
<body>
  <div class='ocr_page' id='page_1' title='image "./publiiovidiinas02massgoog/publiiovidiinas02massgoog_0207.png"; bbox 0 0 2768 4694; ppageno 0'>
   <div class='ocr_carea' id='block_1_1' title="bbox 156 329 896 398">
    <p class='ocr_par' dir='ltr' id='par_1_1' title="bbox 156 329 896 398">
     <span class='ocr_line' id='line_1_1' title="bbox 156 329 896 398; baseline 0.004 -4"><span class='ocrx_word' id='word_1_1' title='bbox 156 350 220 394; x_wconf 81' lang='lat' dir='ltr'>noa</span> <span class='ocrx_word' id='word_1_2' title='bbox 494 331 532 395; x_wconf 91' lang='lat' dir='ltr'>P.</span> <span class='ocrx_word' id='word_1_3' title='bbox 561 329 739 398; x_wconf 84' lang='lat' dir='ltr'>ov-tult</span> <span class='ocrx_word' id='word_1_4' title='bbox 766 331 896 397; x_wconf 87' lang='lat' dir='ltr'><strong>VITA</strong></span> 
     </span>
    </p>
   </div>
   <div class='ocr_carea' id='block_1_2' title="bbox 155 467 1227 919">
    <p class='ocr_par' dir='ltr' id='par_1_2' title="bbox 155 467 1227 919">
     <span class='ocr_line' id='line_1_2' title="bbox 155 467 1227 570; baseline 0.005 -28"><span class='ocrx_word' id='word_1_5' title='bbox 155 467 283 542; x_wconf 78' lang='lat' dir='ltr'>Peioris</span> <span class='ocrx_word' id='word_1_6' title='bbox 299 485 379 544; x_wconf 85' lang='lat' dir='ltr'>suut</span> <span class='ocrx_word' id='word_1_7' title='bbox 393 469 523 564; x_wconf 79' lang='lat' dir='ltr'>generis</span> <span class='ocrx_word' id='word_1_8' title='bbox 536 469 658 566; x_wconf 76' lang='lat' dir='ltr'>Elegia</span> <span class='ocrx_word' id='word_1_9' title='bbox 675 488 703 543; x_wconf 86' lang='lat'>11</span> <span class='ocrx_word' id='word_1_10' title='bbox 718 487 752 543; x_wconf 94' lang='lat' dir='ltr'>et</span> <span class='ocrx_word' id='word_1_11' title='bbox 764 488 824 557; x_wconf 86' lang='lat'>111,</span> <span class='ocrx_word' id='word_1_12' title='bbox 842 486 876 543; x_wconf 93' lang='lat' dir='ltr'>et</span> <span class='ocrx_word' id='word_1_13' title='bbox 892 469 1026 570; x_wconf 88' lang='lat' dir='ltr'>quidem</span> <span class='ocrx_word' id='word_1_14' title='bbox 1042 471 1227 547; x_wconf 80' lang='lat' dir='ltr'>certissimo</span> 
     </span>
     <span class='ocr_line' id='line_1_3' title="bbox 157 584 1227 689; baseline 0.007 -31"><span class='ocrx_word' id='word_1_15' title='bbox 157 584 352 658; x_wconf 76' lang='lat' dir='ltr'>charactere.</span> <span class='ocrx_word' id='word_1_16' title='bbox 371 584 562 659; x_wconf 89' lang='lat' dir='ltr'>Turbidum</span> <span class='ocrx_word' id='word_1_17' title='bbox 578 586 666 660; x_wconf 91' lang='lat' dir='ltr'>enim</span> <span class='ocrx_word' id='word_1_18' title='bbox 681 586 787 660; x_wconf 85' lang='lat' dir='ltr'>ventis</span> <span class='ocrx_word' id='word_1_19' title='bbox 803 614 911 674; x_wconf 89' lang='lat' dir='ltr'>mare,</span> <span class='ocrx_word' id='word_1_20' title='bbox 928 585 1020 687; x_wconf 90' lang='lat' dir='ltr'>qnod</span> <span class='ocrx_word' id='word_1_21' title='bbox 1037 587 1227 689; x_wconf 85' lang='lat' dir='ltr'>patiebatur</span> 
     </span>
     <span class='ocr_line' id='line_1_4' title="bbox 155 701 1227 806; baseline 0.007 -31"><span class='ocrx_word' id='word_1_22' title='bbox 155 701 219 775; x_wconf 89' lang='lat' dir='ltr'>sub</span> <span class='ocrx_word' id='word_1_23' title='bbox 233 701 453 798; x_wconf 72' lang='lat' dir='ltr'>navigationis</span> <span class='ocrx_word' id='word_1_24' title='bbox 462 701 612 792; x_wconf 89' lang='lat' dir='ltr'>initium,</span> <span class='ocrx_word' id='word_1_25' title='bbox 626 702 833 792; x_wconf 88' lang='lat' dir='ltr'>describens,</span> <span class='ocrx_word' id='word_1_26' title='bbox 847 722 879 777; x_wconf 88' lang='lat' dir='ltr'>ct</span> <span class='ocrx_word' id='word_1_27' title='bbox 889 701 1001 778; x_wconf 81' lang='lat' dir='ltr'>faciles</span> <span class='ocrx_word' id='word_1_28' title='bbox 1012 722 1138 806; x_wconf 84' lang='lat' dir='ltr'>optans</span> <span class='ocrx_word' id='word_1_29' title='bbox 1149 735 1227 782; x_wconf 83' lang='lat' dir='ltr'>ven·</span> 
     </span>
     <span class='ocr_line' id='line_1_5' title="bbox 157 814 788 919; baseline 0.002 -31"><span class='ocrx_word' id='word_1_30' title='bbox 157 832 230 903; x_wconf 89' lang='lat' dir='ltr'>tos,</span> <span class='ocrx_word' id='word_1_31' title='bbox 246 815 305 906; x_wconf 91' lang='lat' dir='ltr'>ait,</span> <span class='ocrx_word' id='word_1_32' title='bbox 325 814 417 913; x_wconf 72' lang='lat' dir='ltr'>Eleg.</span> <span class='ocrx_word' id='word_1_33' title='bbox 435 836 487 905; x_wconf 88' lang='lat' dir='ltr'>lt,</span> <span class='ocrx_word' id='word_1_34' title='bbox 502 846 585 893; x_wconf 79' lang='lat' dir='ltr'>vers.</span> <span class='ocrx_word' id='word_1_35' title='bbox 604 845 648 918; x_wconf 82' lang='lat'>9¹</span> <span class='ocrx_word' id='word_1_36' title='bbox 667 836 701 892; x_wconf 91' lang='lat' dir='ltr'>et</span> <span class='ocrx_word' id='word_1_37' title='bbox 718 843 788 919; x_wconf 85' lang='lat'>92:</span> 
     </span>
    </p>
   </div>
   <div class='ocr_carea' id='block_1_3' title="bbox 324 970 1023 1134">
    <p class='ocr_par' dir='ltr' id='par_1_3' title="bbox 324 970 1023 1134">
     <span class='ocr_line' id='line_1_6' title="bbox 324 970 1023 1043; baseline 0.004 -19"><span class='ocrx_word' id='word_1_38' title='bbox 324 971 420 1038; x_wconf 81' lang='lat' dir='ltr'>Ferte,</span> <span class='ocrx_word' id='word_1_39' title='bbox 434 970 498 1040; x_wconf 85' lang='lat' dir='ltr'>quid</span> <span class='ocrx_word' id='word_1_40' title='bbox 509 971 552 1025; x_wconf 86' lang='lat' dir='ltr'>bic</span> <span class='ocrx_word' id='word_1_41' title='bbox 562 970 647 1026; x_wconf 80' lang='lat' dir='ltr'>secio?</span> <span class='ocrx_word' id='word_1_42' title='bbox 662 970 745 1043; x_wconf 84' lang='lat' dir='ltr'>rapidi</span> <span class='ocrx_word' id='word_1_43' title='bbox 758 991 817 1026; x_wconf 81' lang='lat' dir='ltr'>mea</span> <span class='ocrx_word' id='word_1_44' title='bbox 828 973 932 1027; x_wconf 71' lang='lat' dir='ltr'>mrbasa</span> <span class='ocrx_word' id='word_1_45' title='bbox 942 972 1023 1028; x_wconf 79' lang='lat' dir='ltr'>venti.</span> 
     </span>
     <span class='ocr_line' id='line_1_7' title="bbox 352 1063 876 1134; baseline 0.002 -18"><span class='ocrx_word' id='word_1_46' title='bbox 352 1063 554 1134; x_wconf 79' lang='lat' dir='ltr'>Ausone&#39;osfiaes</span> <span class='ocrx_word' id='word_1_47' title='bbox 566 1084 614 1117; x_wconf 90' lang='lat' dir='ltr'>cur</span> <span class='ocrx_word' id='word_1_48' title='bbox 624 1083 683 1118; x_wconf 87' lang='lat' dir='ltr'>mea</span> <span class='ocrx_word' id='word_1_49' title='bbox 695 1063 752 1118; x_wconf 80' lang='lat' dir='ltr'>vela</span> <span class='ocrx_word' id='word_1_50' title='bbox 763 1063 853 1119; x_wconf 77' lang='lat' dir='ltr'>rident</span> <span class='ocrx_word' id='word_1_51' title='bbox 864 1064 876 1117; x_wconf 89' lang='lat'>?</span> 
     </span>
    </p>
   </div>
   <div class='ocr_carea' id='block_1_4' title="bbox 156 1191 595 1278">
    <p class='ocr_par' dir='ltr' id='par_1_4' title="bbox 156 1191 595 1278">
     <span class='ocr_line' id='line_1_8' title="bbox 156 1191 595 1278; baseline 0.002 -13"><span class='ocrx_word' id='word_1_52' title='bbox 156 1191 268 1266; x_wconf 87' lang='lat' dir='ltr'>Tertia</span> <span class='ocrx_word' id='word_1_53' title='bbox 285 1219 382 1278; x_wconf 82' lang='lat' dir='ltr'>veru,</span> <span class='ocrx_word' id='word_1_54' title='bbox 400 1220 483 1265; x_wconf 87' lang='lat' dir='ltr'>vers.</span> <span class='ocrx_word' id='word_1_55' title='bbox 504 1191 570 1263; x_wconf 88' lang='lat'>105</span> <span class='ocrx_word' id='word_1_56' title='bbox 588 1223 595 1266; x_wconf 95' lang='lat'><strong>:</strong></span> 
     </span>
    </p>
   </div>
   <div class='ocr_carea' id='block_1_5' title="bbox 322 1336 1073 1408">
    <p class='ocr_par' dir='ltr' id='par_1_5' title="bbox 322 1336 1073 1408">
     <span class='ocr_line' id='line_1_9' title="bbox 322 1336 1073 1408; baseline 0.001 -16"><span class='ocrx_word' id='word_1_57' title='bbox 322 1339 377 1392; x_wconf 79' lang='lat' dir='ltr'>Nos</span> <span class='ocrx_word' id='word_1_58' title='bbox 388 1347 478 1391; x_wconf 86' lang='lat' dir='ltr'>tamen</span> <span class='ocrx_word' id='word_1_59' title='bbox 491 1339 589 1391; x_wconf 71' lang='lat' dir='ltr'>loreum</span> <span class='ocrx_word' id='word_1_60' title='bbox 602 1358 657 1392; x_wconf 90' lang='lat' dir='ltr'>non</span> <span class='ocrx_word' id='word_1_61' title='bbox 674 1348 762 1392; x_wconf 78' lang='lat' dir='ltr'>nostra</span> <span class='ocrx_word' id='word_1_62' title='bbox 778 1336 905 1392; x_wconf 75' lang='lat' dir='ltr'>findimus</span> <span class='ocrx_word' id='word_1_63' title='bbox 915 1358 1008 1408; x_wconf 73' lang='lat' dir='ltr'>equor,</span> <span class='ocrx_word' id='word_1_64' title='bbox 1023 1349 1073 1393; x_wconf 78' lang='lat' dir='ltr'>etc</span> 
     </span>
    </p>
   </div>
   <div class='ocr_carea' id='block_1_6' title="bbox 157 1483 538 1541">
    <p class='ocr_par' dir='ltr' id='par_1_6' title="bbox 157 1483 538 1541">
     <span class='ocr_line' id='line_1_10' title="bbox 157 1483 538 1541; baseline -0.008 0"><span class='ocrx_word' id='word_1_65' title='bbox 157 1484 190 1541; x_wconf 93' lang='lat' dir='ltr'>et</span> <span class='ocrx_word' id='word_1_66' title='bbox 208 1493 290 1540; x_wconf 86' lang='lat' dir='ltr'>vers.</span> <span class='ocrx_word' id='word_1_67' title='bbox 313 1492 375 1538; x_wconf 87' lang='lat'>121</span> <span class='ocrx_word' id='word_1_68' title='bbox 396 1483 428 1540; x_wconf 89' lang='lat' dir='ltr'>et</span> <span class='ocrx_word' id='word_1_69' title='bbox 449 1490 538 1538; x_wconf 88' lang='lat'>122:</span> 
     </span>
    </p>
   </div>
   <div class='ocr_carea' id='block_1_7' title="bbox 322 1613 958 1762">
    <p class='ocr_par' dir='ltr' id='par_1_7' title="bbox 322 1613 958 1762">
     <span class='ocr_line' id='line_1_11' title="bbox 322 1613 958 1687; baseline 0.003 -19"><span class='ocrx_word' id='word_1_70' title='bbox 322 1616 391 1668; x_wconf 86' lang='lat' dir='ltr'>Nam</span> <span class='ocrx_word' id='word_1_71' title='bbox 404 1613 508 1683; x_wconf 86' lang='lat' dir='ltr'>procul,</span> <span class='ocrx_word' id='word_1_72' title='bbox 519 1615 632 1687; x_wconf 76' lang='lat' dir='ltr'><em>Illyricis</em></span> <span class='ocrx_word' id='word_1_73' title='bbox 642 1615 707 1668; x_wconf 69' lang='lat' dir='ltr'>leva</span> <span class='ocrx_word' id='word_1_74' title='bbox 717 1614 750 1668; x_wconf 91' lang='lat' dir='ltr'>de</span> <span class='ocrx_word' id='word_1_75' title='bbox 762 1625 835 1685; x_wconf 83' lang='lat' dir='ltr'>parte</span> <span class='ocrx_word' id='word_1_76' title='bbox 847 1619 958 1680; x_wconf 64' lang='lat' dir='ltr'>relictb,</span> 
     </span>
     <span class='ocr_line' id='line_1_12' title="bbox 355 1706 848 1762; baseline -0.004 0"><span class='ocrx_word' id='word_1_77' title='bbox 355 1706 499 1762; x_wconf 80' lang='lat' dir='ltr'>interdieta</span> <span class='ocrx_word' id='word_1_78' title='bbox 511 1706 576 1760; x_wconf 89' lang='lat' dir='ltr'>mihi</span> <span class='ocrx_word' id='word_1_79' title='bbox 588 1712 697 1761; x_wconf 74' lang='lat' dir='ltr'>cemr&#39;tm</span> <span class='ocrx_word' id='word_1_80' title='bbox 707 1709 787 1762; x_wconf 69' lang='lat' dir='ltr'>ltalia</span> <span class='ocrx_word' id='word_1_81' title='bbox 798 1718 848 1762; x_wconf 88' lang='lat' dir='ltr'>etc.</span> 
     </span>
    </p>
   </div>
   <div class='ocr_carea' id='block_1_8' title="bbox 156 1833 1230 2288">
    <p class='ocr_par' dir='ltr' id='par_1_8' title="bbox 156 1833 1230 2288">
     <span class='ocr_line' id='line_1_13' title="bbox 157 1833 1230 1937; baseline 0.002 -27"><span class='ocrx_word' id='word_1_82' title='bbox 157 1834 322 1936; x_wconf 80' lang='lat' dir='ltr'><strong>Equidem</strong></span> <span class='ocrx_word' id='word_1_83' title='bbox 339 1833 379 1909; x_wconf 84' lang='lat' dir='ltr'>cl.</span> <span class='ocrx_word' id='word_1_84' title='bbox 399 1836 521 1937; x_wconf 80' lang='lat' dir='ltr'>Tuncq.</span> <span class='ocrx_word' id='word_1_85' title='bbox 536 1835 646 1910; x_wconf 80' lang='lat' dir='ltr'><em>Faber</em></span> <span class='ocrx_word' id='word_1_86' title='bbox 665 1844 673 1874; x_wconf 94' lang='lat'><em>¹</em></span> <span class='ocrx_word' id='word_1_87' title='bbox 692 1835 932 1923; x_wconf 70' lang='lat' dir='ltr'><strong>contendebat,</strong></span> <span class='ocrx_word' id='word_1_88' title='bbox 949 1833 1120 1910; x_wconf 80' lang='lat' dir='ltr'><strong>exordium</strong></span> <span class='ocrx_word' id='word_1_89' title='bbox 1133 1864 1230 1912; x_wconf 78' lang='lat' dir='ltr'>novae</span> 
     </span>
     <span class='ocr_line' id='line_1_14' title="bbox 156 1951 1227 2056; baseline 0 -27"><span class='ocrx_word' id='word_1_90' title='bbox 156 1969 341 2056; x_wconf 76' lang='lat' dir='ltr'>quartaque</span> <span class='ocrx_word' id='word_1_91' title='bbox 354 1953 503 2049; x_wconf 79' lang='lat' dir='ltr'>Elegiae</span> <span class='ocrx_word' id='word_1_92' title='bbox 515 1981 562 2026; x_wconf 87' lang='lat' dir='ltr'>vs.</span> <span class='ocrx_word' id='word_1_93' title='bbox 582 1952 664 2042; x_wconf 84' lang='lat'>103,</span> <span class='ocrx_word' id='word_1_94' title='bbox 679 1953 882 2042; x_wconf 82' lang='lat' dir='ltr'>faciendum,</span> <span class='ocrx_word' id='word_1_95' title='bbox 901 1954 993 2055; x_wconf 86' lang='lat' dir='ltr'>quod</span> <span class='ocrx_word' id='word_1_96' title='bbox 1006 1970 1040 2028; x_wconf 86' lang='lat' dir='ltr'>et</span> <span class='ocrx_word' id='word_1_97' title='bbox 1053 1951 1105 2029; x_wconf 88' lang='lat' dir='ltr'>ill.</span> <span class='ocrx_word' id='word_1_98' title='bbox 1120 1957 1227 2031; x_wconf 82' lang='lat' dir='ltr'>Nicol.</span> 
     </span>
     <span class='ocr_line' id='line_1_15' title="bbox 159 2067 1230 2171; baseline 0.002 -28"><span class='ocrx_word' id='word_1_99' title='bbox 159 2067 307 2143; x_wconf 79' lang='lat' dir='ltr'><em>Heinsius</em></span> <span class='ocrx_word' id='word_1_100' title='bbox 322 2067 517 2144; x_wconf 85' lang='lat' dir='ltr'>adfirmabat</span> <span class='ocrx_word' id='word_1_101' title='bbox 531 2095 572 2139; x_wconf 79' lang='lat' dir='ltr'>ec</span> <span class='ocrx_word' id='word_1_102' title='bbox 579 2067 653 2166; x_wconf 80' lang='lat' dir='ltr'>fide</span> <span class='ocrx_word' id='word_1_103' title='bbox 672 2068 892 2168; x_wconf 63' lang='lat' dir='ltr'>castigaturum</span> <span class='ocrx_word' id='word_1_104' title='bbox 917 2067 1067 2153; x_wconf 85' lang='lat' dir='ltr'>codicum,</span> <span class='ocrx_word' id='word_1_105' title='bbox 1086 2098 1230 2171; x_wconf 88' lang='lat' dir='ltr'>quorum</span> 
     </span>
     <span class='ocr_line' id='line_1_16' title="bbox 159 2182 1229 2288; baseline 0 -28"><span class='ocrx_word' id='word_1_106' title='bbox 159 2204 268 2260; x_wconf 69' lang='lat' dir='ltr'>minen</span> <span class='ocrx_word' id='word_1_107' title='bbox 285 2211 458 2259; x_wconf 88' lang='lat' dir='ltr'>numerum</span> <span class='ocrx_word' id='word_1_108' title='bbox 476 2183 568 2257; x_wconf 91' lang='lat' dir='ltr'>baud</span> <span class='ocrx_word' id='word_1_109' title='bbox 589 2182 731 2286; x_wconf 87' lang='lat' dir='ltr'>amplius</span> <span class='ocrx_word' id='word_1_110' title='bbox 752 2182 886 2256; x_wconf 81' lang='lat' dir='ltr'>indicat.</span> <span class='ocrx_word' id='word_1_111' title='bbox 912 2186 1037 2258; x_wconf 86' lang='lat' dir='ltr'>Verum</span> <span class='ocrx_word' id='word_1_112' title='bbox 1064 2186 1229 2288; x_wconf 86' lang='lat' dir='ltr'>quidquid</span> 
     </span>
    </p>
   </div>
   <div class='ocr_carea' id='block_1_9' title="bbox 158 2297 1306 3910">
    <p class='ocr_par' dir='ltr' id='par_1_9' title="bbox 158 2297 1233 3190">
     <span class='ocr_line' id='line_1_17' title="bbox 159 2297 1231 2401; baseline 0.003 -25"><span class='ocrx_word' id='word_1_113' title='bbox 159 2300 372 2376; x_wconf 84' lang='lat' dir='ltr'>doctissimus</span> <span class='ocrx_word' id='word_1_114' title='bbox 382 2297 437 2375; x_wconf 88' lang='lat' dir='ltr'>ille</span> <span class='ocrx_word' id='word_1_115' title='bbox 449 2299 500 2374; x_wconf 86' lang='lat' dir='ltr'>vir</span> <span class='ocrx_word' id='word_1_116' title='bbox 510 2300 617 2388; x_wconf 91' lang='lat' dir='ltr'>dicat,</span> <span class='ocrx_word' id='word_1_117' title='bbox 635 2298 725 2374; x_wconf 85' lang='lat' dir='ltr'>nulla</span> <span class='ocrx_word' id='word_1_118' title='bbox 739 2329 776 2372; x_wconf 79' lang='lat' dir='ltr'>ex</span> <span class='ocrx_word' id='word_1_119' title='bbox 789 2299 864 2401; x_wconf 90' lang='lat' dir='ltr'>ipso</span> <span class='ocrx_word' id='word_1_120' title='bbox 879 2301 1019 2373; x_wconf 80' lang='lat' dir='ltr'>carmine</span> <span class='ocrx_word' id='word_1_121' title='bbox 1033 2329 1152 2390; x_wconf 87' lang='lat' dir='ltr'>causa,</span> <span class='ocrx_word' id='word_1_122' title='bbox 1168 2333 1231 2380; x_wconf 87' lang='lat' dir='ltr'>nos</span> 
     </span>
     <span class='ocr_line' id='line_1_18' title="bbox 159 2415 1231 2515; baseline 0.003 -23"><span class='ocrx_word' id='word_1_123' title='bbox 159 2416 342 2493; x_wconf 89' lang='lat' dir='ltr'>necessario</span> <span class='ocrx_word' id='word_1_124' title='bbox 367 2416 479 2513; x_wconf 80' lang='lat' dir='ltr'>cogit,</span> <span class='ocrx_word' id='word_1_125' title='bbox 497 2434 536 2490; x_wconf 90' lang='lat' dir='ltr'>ut</span> <span class='ocrx_word' id='word_1_126' title='bbox 552 2416 700 2512; x_wconf 84' lang='lat' dir='ltr'>Elegiam</span> <span class='ocrx_word' id='word_1_127' title='bbox 716 2415 751 2489; x_wconf 93' lang='lat' dir='ltr'>in</span> <span class='ocrx_word' id='word_1_128' title='bbox 767 2417 962 2515; x_wconf 79' lang='lat' dir='ltr'>vulgaribus</span> <span class='ocrx_word' id='word_1_129' title='bbox 978 2416 1154 2494; x_wconf 87' lang='lat' dir='ltr'>codicibus</span> <span class='ocrx_word' id='word_1_130' title='bbox 1170 2437 1231 2495; x_wconf 82' lang='lat' dir='ltr'>ter-</span> 
     </span>
     <span class='ocr_line' id='line_1_19' title="bbox 158 2533 1232 2639; baseline 0.003 -31"><span class='ocrx_word' id='word_1_131' title='bbox 158 2537 230 2609; x_wconf 80' lang='lat' dir='ltr'>tiu&#39;m</span> <span class='ocrx_word' id='word_1_132' title='bbox 248 2536 281 2609; x_wconf 92' lang='lat' dir='ltr'>in</span> <span class='ocrx_word' id='word_1_133' title='bbox 300 2535 382 2610; x_wconf 88' lang='lat' dir='ltr'>duas</span> <span class='ocrx_word' id='word_1_134' title='bbox 399 2533 619 2608; x_wconf 87' lang='lat' dir='ltr'>diffindamus.</span> <span class='ocrx_word' id='word_1_135' title='bbox 640 2533 756 2608; x_wconf 89' lang='lat' dir='ltr'>Potuit</span> <span class='ocrx_word' id='word_1_136' title='bbox 773 2553 860 2609; x_wconf 87' lang='lat' dir='ltr'>certe</span> <span class='ocrx_word' id='word_1_137' title='bbox 876 2553 965 2610; x_wconf 86' lang='lat' dir='ltr'>vates</span> <span class='ocrx_word' id='word_1_138' title='bbox 990 2534 1133 2610; x_wconf 85' lang='lat' dir='ltr'>maxima</span> <span class='ocrx_word' id='word_1_139' title='bbox 1149 2564 1232 2639; x_wconf 87' lang='lat' dir='ltr'>poe·</span> 
     </span>
     <span class='ocr_line' id='line_1_20' title="bbox 159 2648 1232 2752; baseline 0.003 -29"><span class='ocrx_word' id='word_1_140' title='bbox 159 2650 355 2751; x_wconf 87' lang='lat' dir='ltr'>matiiparte</span> <span class='ocrx_word' id='word_1_141' title='bbox 364 2648 555 2723; x_wconf 84' lang='lat' dir='ltr'>memoriam</span> <span class='ocrx_word' id='word_1_142' title='bbox 569 2674 680 2721; x_wconf 88' lang='lat' dir='ltr'>earum</span> <span class='ocrx_word' id='word_1_143' title='bbox 694 2665 857 2749; x_wconf 85' lang='lat' dir='ltr'>repetere,</span> <span class='ocrx_word' id='word_1_144' title='bbox 872 2677 944 2752; x_wconf 83' lang='lat' dir='ltr'>quae</span> <span class='ocrx_word' id='word_1_145' title='bbox 960 2648 1024 2723; x_wconf 91' lang='lat' dir='ltr'>sibi</span> <span class='ocrx_word' id='word_1_146' title='bbox 1039 2668 1232 2740; x_wconf 87' lang='lat' dir='ltr'>evenerant,</span> 
     </span>
     <span class='ocr_line' id='line_1_21' title="bbox 160 2764 1233 2867; baseline 0.004 -27"><span class='ocrx_word' id='word_1_147' title='bbox 160 2795 263 2867; x_wconf 86' lang='lat' dir='ltr'>quum</span> <span class='ocrx_word' id='word_1_148' title='bbox 281 2768 390 2840; x_wconf 84' lang='lat' dir='ltr'>Roma</span> <span class='ocrx_word' id='word_1_149' title='bbox 406 2782 491 2840; x_wconf 87' lang='lat' dir='ltr'>esset</span> <span class='ocrx_word' id='word_1_150' title='bbox 509 2765 545 2838; x_wconf 90' lang='lat' dir='ltr'>in</span> <span class='ocrx_word' id='word_1_151' title='bbox 562 2764 713 2840; x_wconf 84' lang='lat' dir='ltr'>exsilium</span> <span class='ocrx_word' id='word_1_152' title='bbox 729 2765 901 2853; x_wconf 53' lang='lat' dir='ltr'>abiturus</span> <span class='ocrx_word' id='word_1_153' title='bbox 922 2782 954 2838; x_wconf 93' lang='lat' dir='ltr'>et</span> <span class='ocrx_word' id='word_1_154' title='bbox 974 2782 1084 2840; x_wconf 81' lang='lat' dir='ltr'>tamen</span> <span class='ocrx_word' id='word_1_155' title='bbox 1099 2768 1142 2842; x_wconf 91' lang='lat' dir='ltr'>ab</span> <span class='ocrx_word' id='word_1_156' title='bbox 1167 2769 1233 2844; x_wconf 86' lang='lat' dir='ltr'>isto</span> 
     </span>
     <span class='ocr_line' id='line_1_22' title="bbox 160 2881 1232 2983; baseline 0.007 -31"><span class='ocrx_word' id='word_1_157' title='bbox 160 2910 256 2955; x_wconf 86' lang='lat' dir='ltr'>versu</span> <span class='ocrx_word' id='word_1_158' title='bbox 286 2881 352 2954; x_wconf 83' lang='lat'>103</span> <span class='ocrx_word' id='word_1_159' title='bbox 376 2881 533 2955; x_wconf 83' lang='lat' dir='ltr'>adfinem</span> <span class='ocrx_word' id='word_1_160' title='bbox 550 2911 675 2983; x_wconf 89' lang='lat' dir='ltr'>usqne,</span> <span class='ocrx_word' id='word_1_161' title='bbox 699 2912 736 2958; x_wconf 93' lang='lat' dir='ltr'>ea</span> <span class='ocrx_word' id='word_1_162' title='bbox 763 2881 969 2970; x_wconf 82' lang='lat' dir='ltr'>describere,</span> <span class='ocrx_word' id='word_1_163' title='bbox 996 2910 1069 2982; x_wconf 77' lang='lat' dir='ltr'>qua</span> <span class='ocrx_word' id='word_1_164' title='bbox 1092 2884 1127 2957; x_wconf 92' lang='lat' dir='ltr'>in</span> <span class='ocrx_word' id='word_1_165' title='bbox 1147 2885 1232 2959; x_wconf 92' lang='lat' dir='ltr'>mari</span> 
     </span>
     <span class='ocr_line' id='line_1_23' title="bbox 161 2995 1229 3101; baseline 0.002 -30"><span class='ocrx_word' id='word_1_166' title='bbox 161 2995 352 3085; x_wconf 78' lang='lat' dir='ltr'>Adriatico,</span> <span class='ocrx_word' id='word_1_167' title='bbox 371 2998 582 3072; x_wconf 76' lang='lat' dir='ltr'>sevientibus</span> <span class='ocrx_word' id='word_1_168' title='bbox 600 3000 725 3089; x_wconf 83' lang='lat' dir='ltr'>ventis,</span> <span class='ocrx_word' id='word_1_169' title='bbox 743 3019 814 3074; x_wconf 90' lang='lat' dir='ltr'>tum</span> <span class='ocrx_word' id='word_1_170' title='bbox 829 3016 1016 3101; x_wconf 86' lang='lat' dir='ltr'>pateretur,</span> <span class='ocrx_word' id='word_1_171' title='bbox 1039 3027 1141 3101; x_wconf 88' lang='lat' dir='ltr'>quum</span> <span class='ocrx_word' id='word_1_172' title='bbox 1158 3001 1229 3097; x_wconf 78' lang='lat' dir='ltr'>baec</span> 
     </span>
     <span class='ocr_line' id='line_1_24' title="bbox 160 3114 484 3190; baseline -0.003 0"><span class='ocrx_word' id='word_1_173' title='bbox 160 3114 318 3190; x_wconf 88' lang='lat' dir='ltr'>conderet</span> <span class='ocrx_word' id='word_1_174' title='bbox 333 3115 484 3190; x_wconf 88' lang='lat' dir='ltr'>carmina.</span> 
     </span>
    </p>

    <p class='ocr_par' dir='ltr' id='par_1_10' title="bbox 160 3233 1306 3910">
     <span class='ocr_line' id='line_1_25' title="bbox 211 3233 1231 3337; baseline 0.004 -31"><span class='ocrx_word' id='word_1_175' title='bbox 211 3235 258 3307; x_wconf 85' lang='lat' dir='ltr'>At</span> <span class='ocrx_word' id='word_1_176' title='bbox 281 3233 404 3330; x_wconf 71' lang='lat' dir='ltr'>Elegio</span> <span class='ocrx_word' id='word_1_177' title='bbox 426 3255 466 3311; x_wconf 80' lang='lat' dir='ltr'>lx</span> <span class='ocrx_word' id='word_1_178' title='bbox 480 3265 517 3310; x_wconf 89' lang='lat' dir='ltr'>ac</span> <span class='ocrx_word' id='word_1_179' title='bbox 535 3257 557 3310; x_wconf 83' lang='lat' dir='ltr'>x</span> <span class='ocrx_word' id='word_1_180' title='bbox 574 3234 695 3310; x_wconf 80' lang='lat' dir='ltr'>exiliis</span> <span class='ocrx_word' id='word_1_181' title='bbox 711 3253 805 3324; x_wconf 89' lang='lat' dir='ltr'>sunt,</span> <span class='ocrx_word' id='word_1_182' title='bbox 829 3264 910 3337; x_wconf 86' lang='lat' dir='ltr'>quas</span> <span class='ocrx_word' id='word_1_183' title='bbox 924 3237 1048 3312; x_wconf 83' lang='lat' dir='ltr'>Noster</span> <span class='ocrx_word' id='word_1_184' title='bbox 1063 3235 1231 3326; x_wconf 80' lang='lat' dir='ltr'>exaravit,</span> 
     </span>
     <span class='ocr_line' id='line_1_26' title="bbox 162 3350 1233 3455; baseline 0.003 -29"><span class='ocrx_word' id='word_1_185' title='bbox 162 3369 339 3455; x_wconf 87' lang='lat' dir='ltr'>postquam</span> <span class='ocrx_word' id='word_1_186' title='bbox 357 3350 505 3427; x_wconf 73' lang='lat' dir='ltr'>Cenctn‘s</span> <span class='ocrx_word' id='word_1_187' title='bbox 518 3351 654 3427; x_wconf 87' lang='lat' dir='ltr'>alteram</span> <span class='ocrx_word' id='word_1_188' title='bbox 667 3352 870 3427; x_wconf 88' lang='lat' dir='ltr'>ascendisset</span> <span class='ocrx_word' id='word_1_189' title='bbox 884 3354 992 3428; x_wconf 86' lang='lat' dir='ltr'>navim</span> <span class='ocrx_word' id='word_1_190' title='bbox 1011 3384 1018 3426; x_wconf 93' lang='lat'><strong>:</strong></span> <span class='ocrx_word' id='word_1_191' title='bbox 1037 3373 1074 3427; x_wconf 81' lang='lat' dir='ltr'>tx</span> <span class='ocrx_word' id='word_1_192' title='bbox 1097 3353 1233 3454; x_wconf 90' lang='lat' dir='ltr'>quidem</span> 
     </span>
     <span class='ocr_line' id='line_1_27' title="bbox 160 3467 1234 3569; baseline 0.001 -26"><span class='ocrx_word' id='word_1_193' title='bbox 160 3470 196 3543; x_wconf 94' lang='lat' dir='ltr'>in</span> <span class='ocrx_word' id='word_1_194' title='bbox 221 3467 329 3543; x_wconf 86' lang='lat' dir='ltr'>insula</span> <span class='ocrx_word' id='word_1_195' title='bbox 356 3467 654 3563; x_wconf 59' lang='lat' dir='ltr'>Samothraciam</span> <span class='ocrx_word' id='word_1_196' title='bbox 676 3494 759 3542; x_wconf 80' lang='lat' dir='ltr'>vers.</span> <span class='ocrx_word' id='word_1_197' title='bbox 781 3492 827 3540; x_wconf 90' lang='lat'>20</span> <span class='ocrx_word' id='word_1_198' title='bbox 849 3495 887 3541; x_wconf 89' lang='lat' dir='ltr'>ac</span> <span class='ocrx_word' id='word_1_199' title='bbox 913 3469 1000 3567; x_wconf 70' lang='grc'>45),</span> <span class='ocrx_word' id='word_1_200' title='bbox 1020 3485 1053 3541; x_wconf 90' lang='lat' dir='ltr'>et</span> <span class='ocrx_word' id='word_1_201' title='bbox 1077 3490 1099 3541; x_wconf 82' lang='lat' dir='ltr'>x</span> <span class='ocrx_word' id='word_1_202' title='bbox 1126 3499 1234 3569; x_wconf 88' lang='lat' dir='ltr'>quum</span> 
     </span>
     <span class='ocr_line' id='line_1_28' title="bbox 161 3569 1306 3685; baseline -0.003 -24"><span class='ocrx_word' id='word_1_203' title='bbox 161 3587 350 3661; x_wconf 88' lang='lat' dir='ltr'>adhucdum</span> <span class='ocrx_word' id='word_1_204' title='bbox 366 3587 545 3684; x_wconf 88' lang='lat' dir='ltr'>jactaretur</span> <span class='ocrx_word' id='word_1_205' title='bbox 561 3585 591 3657; x_wconf 84' lang='lat' dir='ltr'>iu</span> <span class='ocrx_word' id='word_1_206' title='bbox 608 3583 752 3658; x_wconf 78' lang='lat' dir='ltr'>indomito</span> <span class='ocrx_word' id='word_1_207' title='bbox 764 3602 929 3658; x_wconf 76' lang='lat' dir='ltr'>nnuman</span> <span class='ocrx_word' id='word_1_208' title='bbox 948 3603 1040 3660; x_wconf 75' lang='lat' dir='ltr'>Lttclt</span> <span class='ocrx_word' id='word_1_209' title='bbox 1050 3584 1229 3685; x_wconf 77' lang='lat' dir='ltr'>prefimdo,</span> <span class='ocrx_word' id='word_1_210' title='bbox 1301 3569 1306 3581; x_wconf 48' lang='lat'><strong><em>⁹</em></strong></span> 
     </span>
     <span class='ocr_line' id='line_1_29' title="bbox 163 3696 1232 3805; baseline -0.002 -28"><span class='ocrx_word' id='word_1_211' title='bbox 163 3722 202 3778; x_wconf 92' lang='lat' dir='ltr'>ut</span> <span class='ocrx_word' id='word_1_212' title='bbox 224 3702 328 3777; x_wconf 91' lang='lat' dir='ltr'>babet</span> <span class='ocrx_word' id='word_1_213' title='bbox 353 3728 436 3775; x_wconf 88' lang='lat' dir='ltr'>vers.</span> <span class='ocrx_word' id='word_1_214' title='bbox 457 3696 502 3799; x_wconf 84' lang='lat'>39</span> <span class='ocrx_word' id='word_1_215' title='bbox 521 3707 553 3786; x_wconf 86' lang='lat'>²,</span> <span class='ocrx_word' id='word_1_216' title='bbox 573 3729 671 3803; x_wconf 89' lang='lat' dir='ltr'>quem</span> <span class='ocrx_word' id='word_1_217' title='bbox 687 3701 915 3800; x_wconf 87' lang='lat' dir='ltr'>interpretari,</span> <span class='ocrx_word' id='word_1_218' title='bbox 942 3701 1052 3804; x_wconf 89' lang='lat' dir='ltr'>quoad</span> <span class='ocrx_word' id='word_1_219' title='bbox 1070 3701 1232 3805; x_wconf 89' lang='lat' dir='ltr'>temporis</span> 
     </span>
     <span class='ocr_line' id='line_1_30' title="bbox 163 3813 928 3910; baseline -0.003 -17"><span class='ocrx_word' id='word_1_220' title='bbox 163 3837 276 3893; x_wconf 89' lang='lat' dir='ltr'>notam</span> <span class='ocrx_word' id='word_1_221' title='bbox 292 3817 426 3906; x_wconf 79' lang='lat' dir='ltr'>attinet,</span> <span class='ocrx_word' id='word_1_222' title='bbox 446 3813 591 3893; x_wconf 86' lang='lat' dir='ltr'>voluisse</span> <span class='ocrx_word' id='word_1_223' title='bbox 607 3817 737 3892; x_wconf 87' lang='lat' dir='ltr'>videtur</span> <span class='ocrx_word' id='word_1_224' title='bbox 755 3846 837 3892; x_wconf 83' lang='lat' dir='ltr'>vera.</span> <span class='ocrx_word' id='word_1_225' title='bbox 858 3819 901 3910; x_wconf 76' lang='grc' dir='ltr'>[μ</span> <span class='ocrx_word' id='word_1_226' title='bbox 920 3849 928 3891; x_wconf 94' lang='lat'>:</span> 
     </span>
    </p>
   </div>
   <div class='ocr_carea' id='block_1_10' title="bbox 196 4016 521 4182">
    <p class='ocr_par' dir='ltr' id='par_1_11' title="bbox 196 4016 521 4182">
     <span class='ocr_line' id='line_1_31' title="bbox 196 4016 511 4086; baseline -0.016 -13"><span class='ocrx_word' id='word_1_227' title='bbox 196 4025 204 4054; x_wconf 92' lang='lat'><strong>¹</strong></span> <span class='ocrx_word' id='word_1_228' title='bbox 223 4020 280 4073; x_wconf 86' lang='lat' dir='ltr'>Lib.</span> <span class='ocrx_word' id='word_1_229' title='bbox 293 4019 322 4085; x_wconf 93' lang='lat' dir='ltr'>l,</span> <span class='ocrx_word' id='word_1_230' title='bbox 338 4016 421 4086; x_wconf 83' lang='lat' dir='ltr'>Epist.</span> <span class='ocrx_word' id='word_1_231' title='bbox 431 4031 511 4068; x_wconf 87' lang='lat' dir='ltr'>xxrn.</span> 
     </span>
     <span class='ocr_line' id='line_1_32' title="bbox 196 4112 521 4182; baseline -0.009 -15"><span class='ocrx_word' id='word_1_232' title='bbox 196 4117 208 4145; x_wconf 87' lang='lat'>²</span> <span class='ocrx_word' id='word_1_233' title='bbox 226 4113 295 4182; x_wconf 78' lang='lat' dir='ltr'>Lege</span> <span class='ocrx_word' id='word_1_234' title='bbox 309 4120 336 4164; x_wconf 89' lang='lat' dir='ltr'>et</span> <span class='ocrx_word' id='word_1_235' title='bbox 347 4129 414 4164; x_wconf 81' lang='lat' dir='ltr'>vers.</span> <span class='ocrx_word' id='word_1_236' title='bbox 428 4112 521 4182; x_wconf 76' lang='lat'><strong>¹9·²⁸·</strong></span> 
     </span>
    </p>
   </div>
   <div class='ocr_carea' id='block_1_11' title="bbox 0 0 1398 4694">
    <p class='ocr_par' dir='ltr' id='par_1_12' title="bbox 0 0 1398 4694">
     <span class='ocr_line' id='line_1_33' title="bbox 0 0 1398 4694; baseline 0 0"><span class='ocrx_word' id='word_1_237' title='bbox 0 0 1398 4694; x_wconf 95' lang='lat' dir='ltr'> </span> 
     </span>
    </p>
   </div>
  </div>
 </body>
</html>
