2768 4694
160 317 219 403 142
475 320 513 384 r.
540 318 719 403 omnm
745 319 871 388 mm
924 294 929 314 '

156 487 250 548 cens,
266 458 329 533 sibi
341 458 468 533 nuliam
478 488 553 534 enm
569 459 726 556 Virgilio..
737 461 869 535 brevem
883 484 961 534 vern
972 487 1048 535 eum
1061 463 1213 554 Tibullo,

156 574 335 691 amicitiam.
346 573 448 649 inisse
460 630 470 663 ‚
483 603 566 650 vers.
585 574 720 648 51-53:
811 587 815 600 ’

322 722 454 789 Vr'rffl’lr'nae
464 721 517 775 vidi
532 733 635 777 tantum
647 741 654 776 τ
667 740 716 776 uec
726 741 802 776 avara
817 723 916 775 Tibullo

348 810 465 882 Tempus
476 818 594 868 americi
602 813 653 868 sala
667 813 763 868 dedere
775 833 849 868 mee.

317 902 450 957 Successor
460 903 513 957 fuit
524 903 566 958 hie
576 905 621 959 tibi
631 944 638 972 ‚
656 909 748 971 Gallu
761 909 903 973 Propertius
913 902 958 957 illi.

156 1019 288 1095 seilicet
295 1021 324 1095 si
333 1018 490 1096 Tibullus
500 1049 670 1096 mecessor
678 1021 765 1095 Galli
776 1021 855 1106 fnit,
866 1019 922 1094 ille
936 1047 1014 1115 ergo
1024 1017 1214 1120 aliquandiu

155 1136 339 1237 posthunc
356 1135 470 1210 floruit
480 1147 499 1223 ‚⁶
509 1155 542 1210 et
557 1166 641 1212 nova
656 1137 797 1210 carmina
817 1136 957 1236 scripsit.

204 1253 250 1325 ll.
269 1251 410 1326 Ovidius
426 1280 528 1352 porro
546 1236 647 1352 quum
659 1250 786 1325 Tibulli
798 1268 935 1323 mortem
947 1248 1096 1336 defleret,
1109 1248 1173 1350 jam
1183 1279 1216 1324 se

155 1369 252 1443 istius
272 1369 329 1443 avi
340 1369 439 1467 portis
459 1368 712 1456 adnumerans,
732 1369 845 1443 Amor.
865 1366 925 1440 lib.
953 1369 1021 1455 lll,
1036 1365 1129 1464 Eleg.
1152 1386 1215 1455 lx,

156 1510 238 1558 vers.
263 1506 327 1582 17:

319 1629 356 1682 At
365 1627 429 1682 sacri
440 1637 523 1690 eules,
537 1638 564 1681 et
575 1627 674 1682 Divum
685 1648 748 1683 curn
758 1606 883 1684 wcanur.

352 1717 422 1772 Sunt
433 1718 530 1784 etiam,
541 1719 585 1788 qui
596 1738 643 1772 ros
655 1737 755 1775 numen
769 1718 864 1774 habere
877 1728 969 1789 putent
980 1739 987 1782 ς

159 1831 1215 1937 quibusconfirmantursuperiusaduolatadejuvenilinmNostri

160 1951 341 2024 carminum
357 1968 511 2051 tempore.

205 2067 264 2139 lll.
282 2068 369 2139 Hinc
380 2067 592 2140 admonemur
603 2083 641 2139 ut
653 2065 691 2139 de
707 2063 838 2137 illomm
855 2072 863 2102 ¹
880 2066 1036 2165 opinione
1051 2065 1213 2154 dicamus,

158 2180 216 2279 qui
232 2179 438 2264 existimant,
461 2180 615 2278 collegium
637 2194 809 2280 poetarum
834 2181 949 2252 Romu
972 2179 1096 2265 inisse,
1121 2179 1215 2278 cnjus

157 2321 236 2395 pars
252 2293 393 2368 Ovidius
412 2291 519 2366 fuerit.
544 2294 647 2390 Quod
673 2293 807 2366 omnino
833 2312 956 2368 certum
977 2294 1109 2367 minime
1134 2294 1214 2367 mihi

158 2409 286 2481 videtur
297 2435 334 2480 ex
345 2406 468 2480 locisiu
480 2408 663 2481 subsidium
674 2408 968 2482 vocatis.Valerius
980 2437 1098 2508 nempe
1107 2412 1214 2484 Maxi-

158 2553 232 2598 mus
247 2523 313 2596 ²de
327 2524 427 2598 Accio
439 2542 562 2624 poeta:
583 2557 599 2589 «
617 2527 668 2609 Is,
688 2524 753 2611 ait,
768 2523 860 2597 lulio
876 2524 994 2598 Caesari
1010 2523 1214 2622 amplissimo

162 2675 182 2705 »
199 2657 232 2714 el
248 2639 480 2714 florentissimo
499 2640 568 2712 viro
583 2640 617 2710 in
635 2639 788 2739 collegium
797 2655 952 2740 postorum
971 2639 1112 2711 venienti
1128 2670 1214 2714 nun·

162 2790 179 2820 »
201 2784 298 2856 quam
314 2756 509 2841 assurrexit,
527 2773 587 2827 ele.
610 2788 627 2819 o
644 2755 712 2850 Qui
729 2754 820 2829 loeus
837 2783 940 2855 quum
957 2753 1048 2829 solus
1059 2755 1094 2827 id
1110 2784 1215 2852 genus

158 2871 283 2971 collegas
299 2889 474 2958 memoret,
493 2898 568 2944 eum
584 2898 759 2971 possumus
778 2870 932 2945 translate
951 2888 981 2944 el
999 2870 1134 2964 figurate
1160 2873 1213 2944 in-

159 2990 349 3090 terpretari,
364 3017 434 3061 non
449 3016 525 3062 vero
540 2988 674 3088 proprie
695 2988 735 3061 de
750 2987 910 3061 sadalino
925 3004 1096 3087 poetarum
1118 3014 1212 3077 vera,

160 3135 232 3206 quae
242 3106 388 3202 legibus,
400 3131 602 3205 numeroque
613 3105 832 3179 membromm
846 3103 1088 3204 circumscripta
1102 3103 1209 3176 fuerit.

159 3224 272 3319 Quum
291 3225 377 3297 enim
392 3240 426 3297 et
440 3225 545 3322 poetae
567 3249 644 3295 suos
668 3237 771 3295 costus
791 3219 966 3306 haberent,
995 3222 1053 3294 ubi
1073 3222 1214 3295 carmina

159 3335 296 3408 invicem
311 3337 500 3422 recitarem,
515 3319 555 3409 eo
570 3333 681 3434 potuit
692 3331 846 3408 Valerius
856 3334 1034 3433 respicere,
1050 3334 1213 3431 siqnidem

159 3450 270 3525 addit:
291 3483 308 3514 «
329 3451 542 3549 Quapropter
561 3447 742 3535 insolentia
766 3449 899 3523 crimine
923 3452 1043 3536 caruit,
1062 3450 1137 3548 quia
1164 3452 1214 3525 ibi

160 3599 179 3632 »
199 3565 422 3652 voluminum,
436 3594 503 3638 non
514 3567 690 3661 imaginum
703 3566 876 3641 renomina
888 3566 1127 3641 exercebantur.
1144 3570 1212 3643 Nec

160 3683 263 3778 magis
280 3683 447 3777 stringunt
463 3709 480 3754 e
498 3684 631 3755 Nasone
648 3681 730 3756 loen.
747 3683 896 3759 ls‘Trist.
915 3683 972 3756 lib.
987 3685 1029 3770 V,
1046 3683 1138 3781 Eleg.
1152 3707 1210 3775 111,

159 3826 262 3897 quum
278 3795 319 3870 ad
336 3795 500 3868 Bacchum
517 3795 653 3874 dixisset
667 3824 748 3870 vers.
771 3824 784 3867 1
803 3827 811 3870 :

192 3972 200 4002 ¹
219 3969 287 4022 Vide
298 3967 435 4034 Lomeier,
452 3965 621 4023 daBiblioth.
631 4006 640 4035 ‚
652 3986 708 4038 pag.
719 3968 782 4051 337..
796 3979 844 4024 ete

190 4059 273 4113 ¹Lib.
286 4060 342 4128 111,
361 4079 415 4130 cap.
428 4077 549 4132 hum<
