2768 4694
469 370 564 438 PER
588 372 622 438 J.
648 368 872 438 MASSON.
1142 378 1202 442 113

143 535 221 594 aute
245 543 345 617 quam
366 531 490 589 aetatem
508 512 661 587 solebant
687 512 738 585 his
765 510 971 612 temporibus
1000 525 1078 607 toga
1103 512 1207 590 libera

143 627 251 702 indui.

194 751 242 823 Ila
252 766 360 823 autem
372 748 401 821 si
413 745 589 821 Rubenius
606 744 830 834 observasset,
845 774 914 818 non
926 745 1055 821 videtur
1067 745 1207 822 fundum

148 892 214 938 sure
223 863 389 966 opinionis
396 860 432 933 iu
445 861 553 935 Statio
562 861 748 960 positurum
760 858 870 933 luisse
886 861 1042 933 Attamen
1057 860 1107 934 Cl.
1123 863 1210 936 Grae

146 972 234 1067 vius,
250 980 309 1081 qui
323 976 465 1053 Ferrarii
479 974 677 1050 solutionem
688 974 826 1070 legerat,
841 975 1030 1049 adhucdum
1039 975 1209 1052 adfirmare

147 1095 321 1181 sustinuit,
344 1128 361 1158 o
379 1094 480 1165 istum
494 1091 589 1201 Statii
603 1089 714 1163 locum
730 1108 897 1191 tantopere
914 1091 1042 1166 firmare
1058 1121 1128 1167 eam
1141 1096 1209 1168 Ru-

149 1249 167 1280 »
184 1212 281 1286 benii
296 1209 510 1296 seutentiam,
526 1227 562 1281 ut
577 1207 660 1280 nibil
676 1207 744 1281 lreri
757 1209 866 1309 possit
881 1208 1050 1311 liquidius.
1067 1212 1131 1284 Per
1143 1211 1177 1283 T
1165 1241 1210 1315 y-

152 1361 170 1393 n
191 1326 268 1409 n'ns,
288 1327 417 1424 pergit,
435 1323 516 1396 stitus
531 1322 611 1396 nihil
633 1340 744 1423 potest
767 1321 926 1419 intelligi,
954 1325 1019 1396 nisi
1037 1342 1208 1425 praetexta,

155 1476 174 1509 »
194 1469 263 1516 non
276 1469 372 1528 vero,
388 1457 426 1514 ut
442 1439 675 1541 iuterpretatur
690 1439 874 1527 Ferrarius,
892 1440 1002 1513 tunica
1019 1442 1059 1514 ad
1076 1461 1209 1542 pectus,

155 1593 174 1625 n
192 1558 260 1633 sire
273 1559 308 1630 in
318 1558 390 1631 sinu
403 1556 469 1629 lato
480 1554 571 1631 clavo
582 1555 731 1650 insignis.
747 1556 833 1652 Quis
848 1557 932 1631 euim
943 1588 1087 1661 unquam
1101 1562 1210 1636 sinum

154 1706 170 1738 »
190 1671 308 1746 tn‘buit
326 1671 459 1758 tunice,
478 1687 540 1744 erc.
561 1704 579 1733 1>
654 1684 657 1690 ·

159 1836 163 1844 ¹
197 1797 313 1894 Quum
330 1794 395 1869 hoc
410 1812 543 1888 rogaret
560 1792 801 1867 eruditissimus
817 1794 885 1882 vir,
911 1824 1024 1870 versus
1046 1825 1115 1870 non
1136 1827 1211 1871 suc-

153 1912 349 1998 currebant,
367 1939 452 2011 quos
460 1911 532 2009 ipse
541 1908 718 1983 Rubenius
731 1936 770 1981 ex
782 1909 986 1993 Albinorum,
1006 1928 1043 1982 ut
1056 1940 1128 1984 cum
1139 1912 1211 1986 aliis

155 2026 330 2101 arbitratur
345 2036 368 2114 ¹,
384 2024 543 2125 Epieedio
560 2026 594 2097 in
611 2026 821 2098 Maecenatem
837 2025 1002 2112 laudavit,
1019 2055 1101 2100 vers.
1120 2029 1188 2100 25:

318 2193 426 2261 luride,
439 2193 503 2263 quid
516 2192 622 2246 tandem
635 2199 725 2246 tuur‘cae
736 2213 849 2246 nocuere
861 2199 959 2255 solute.

349 2288 404 2361 Aut
415 2286 459 2338 tibi
474 2285 641 2354 rentosr'quid
655 2303 768 2338 nocuere
781 2290 876 2339 sinus?

156 2430 214 2505 ubi
230 2431 350 2504 diserte
368 2430 450 2502 stitus
468 2429 586 2501 tuuicae
605 2429 796 2502 tribuuntur
812 2428 984 2515 discincto,
1006 2460 1103 2532 quarn
1121 2462 1212 2528 gerc-

155 2547 216 2620 bat
231 2548 410 2631 Maeceuas‚
429 2543 517 2616 uude
545 2540 593 2613 illi
620 2542 774 2616 dicuntur
799 2543 925 2615 ventosi.
952 2546 1019 2617 Nec
1043 2545 1138 2618 video
1157 2575 1215 2620 cur

158 2662 284 2738 Statius
299 2692 339 2736 eo
349 2662 425 2734 loeo
438 2690 506 2733 nou
522 2662 668 2761 potuerit
680 2660 784 2734 latum
797 2657 943 2747 clavum,
964 2688 1080 2761 quem,
1098 2679 1137 2734 ut
1148 2665 1216 2738 Ho

160 2777 265 2851 ratius
278 2775 382 2848 habet
396 2783 427 2860 ²,
443 2773 634 2847 dernittebout
648 2790 794 2873 pectore,
824 2803 885 2873 pro
904 2802 971 2873 quo
991 2773 1111 2874 passim
1133 2777 1215 2851 stitus

159 2893 316 2994 ponitur,
335 2887 485 2963 translate
499 2919 556 2991 per
575 2889 687 2993 Tyrios
700 2890 782 2960 uirus
795 2886 991 2982 iutelligere3
1009 2890 1216 2988 quemadmo-

163 3011 238 3087 dum
255 3012 392 3112 ipsemet
408 3007 492 3081 dixit
507 3006 564 3081 lib.
584 3008 643 3092 lv,
661 3002 750 3103 Sylv.
768 3023 818 3091 tv,
836 3033 917 3079 vers.
935 3004 1001 3104 76:

322 3185 383 3236 Jam
397 3192 422 3236 te
434 3179 529 3234 blanda
540 3185 598 3231 sinu
612 3179 685 3247 Tyn'o
696 3175 744 3229 sibi
750 3180 831 3243 ‘lorr'a
840 3177 901 3230 tetix

323 3274 426 3328 Educar
433 3311 441 3338 ,
455 3283 482 3325 et
493 3278 600 3324 cunctas
613 3267 707 3338 gaudet
718 3267 847 3336 spondere
859 3267 968 3324 curules.

163 3417 257 3493 Plura
271 3418 326 3491 bis
343 3431 480 3517 possent
497 3410 588 3497 addi,
608 3411 730 3511 quibus
750 3407 805 3482 illa
827 3406 867 3481 cl.
886 3410 1030 3485 virorum
1049 3413 1160 3515 opinio
1179 3442 1218 3489 ae

161 3531 230 3606 alia
251 3535 388 3633 insuper
404 3530 465 3602 hac
483 3529 519 3599 iu
535 3555 570 3600 re
586 3524 858 3599 hallucinationes
880 3527 1138 3618 revincerentur3
1157 3531 1215 3603 sed

161 3675 199 3724 ea
211 3647 308 3720 nobis
321 3647 375 3719 hic
388 3641 672 3727 summittenda,
692 3668 733 3712 ne
746 3637 876 3735 longior
885 3640 941 3715 fiat
950 3671 1114 3720 excursus.
1129 3648 1215 3717 Con-

164 3758 317 3834 sulautur
328 3758 467 3847 iuterim,
479 3784 551 3857 qua
562 3754 744 3843 Ferrarius,
754 3755 790 3825 iu
800 3753 967 3830 Analectis
977 3757 1131 3832 adversus
1143 3759 1214 3831 Ru·

192 3944 200 3972 ¹
221 3935 306 3993 Nobis
316 3936 387 3988 enim
398 3955 450 3990 uon
459 3937 562 3990 videtur
573 3937 645 3990 istius
658 3947 741 4006 poete
752 3954 874 4004 carmen,
887 3937 925 3992 uti
935 3938 990 4007 jam
998 3941 1025 3991 in
1038 3937 1142 3991 Horatii
1151 3939 1214 3992 Vita

162 4021 350 4084 indicavimus,
362 4038 419 4089 pag.
431 4021 550 4088 143-145.

193 4112 206 4140 ²
222 4106 279 4160 Lib.
293 4105 323 4169 l,
340 4102 394 4156 Sat.
407 4115 454 4169 vt,
471 4119 534 4156 vera
549 4102 587 4155 28.

258 4202 372 4278 Vm.
929 4169 935 4179 ’
1018 4206 1044 4279 a
