2768 4694
39 307 48 324 '
158 326 225 394 sss
483 312 879 389 nantcariones

156 461 338 567 permulcet
355 461 497 536 Ovidius
514 492 522 536 :
541 458 728 538 rationibus
744 457 1014 557 argumentisque
1035 456 1228 557 pervincet,

158 581 299 653 humana
317 574 426 650 omnia
443 603 513 649 esse
529 575 671 649 humane
691 592 723 646 et
746 571 910 645 moderate
937 569 1073 643 ferenda
1098 599 1108 643 z
1133 567 1228 644 molli

155 692 384 792 objurgatione
402 690 572 792 querelas,
589 687 834 788 muliebresquc
848 685 1041 785 ejulationes
1056 687 1226 773 excutiet3

157 813 303 885 virorum
319 807 456 882 sortium
473 806 632 908 exemplis
649 804 818 901 singultus
843 820 989 904 premet,
1016 832 1054 878 ac
1068 803 1227 879 recondet

156 925 313 1021 gemitus3
325 920 534 997 adlocutione
542 918 663 992 blanda
674 916 1040 1018 lacrymasabstergebit
1051 945 1060 1003 ;
1071 935 1106 991 et
1116 944 1227 991 verum

40 1054 42 1059 '
157 1069 226 1115 esse
252 1035 510 1124 demonstrabit,
528 1035 618 1135 qnod
632 1034 687 1106 ait
702 1033 739 1106 in
756 1033 904 1105 oratione
919 1031 982 1126 opi
1003 1031 1100 1129 :ipim
1126 1031 1225 1107 diser-

160 1155 307 1229 tissimus
325 1182 361 1226 ac
378 1148 588 1225 suauissimus
604 1150 719 1222 rhetor
734 1151 895 1221 lsocrates
914 1149 1004 1225 :reis
1025 1151 1148 1238 ψυχαῖς
1160 1151 1224 1228 τοῖς

158 1275 302 1349 suadeat<
318 1268 404 1343 otidis
417 1268 480 1339 ieci
500 1267 580 1338 ἄλλο
599 1268 750 1364 odppam
768 1261 844 1334 nab
856 1263 954 1353 tripos.
979 1262 1118 1359 Quibus
1142 1293 1224 1339 con·

157 1389 303 1462 sentiunt
317 1385 386 1456 hcc
401 1383 437 1454 in
455 1381 561 1455 scenis
577 1398 611 1453 et
627 1378 749 1455 scholis
764 1378 932 1452 decantata
950 1407 957 1450 :
975 1377 1081 1468 Ψυχὲς
1103 1387 1223 1460 medeor

158 1504 226 1577 sicli
251 1502 343 1597 ἰατροὶ
360 1496 452 1584 slyer
470 1495 556 1584 λα’γος
570 1496 628 1592 peip
643 1495 708 1568 ioci
730 1495 877 1592 quippmscs
894 1493 985 1576 λῦτκ
999 1496 1091 1583 pisos*
1107 1500 1124 1569 i
1139 1497 1223 1585 λα’φκ

159 1615 252 1711 imple
269 1611 303 1685 ου’
321 1610 402 1682 useel
422 1609 520 1700 ψυχνῖν
543 1611 655 1692 ullove.
682 1613 808 1710 Nempe
828 1627 867 1681 ut
888 1636 984 1683 canes
1007 1608 1141 1682 vulnera
1162 1638 1223 1684 sua

159 1726 333 1804 lambendo
356 1743 490 1810 sanant,
513 1723 643 1824 illisque
664 1753 726 1826 pro
749 1725 987 1799 medicamento
1007 1742 1057 1799 est
1082 1724 1221 1822 lingua;

158 1849 204 1922 sic
217 1844 326 1917 animo
338 1859 482 1937 aegroto,
498 1859 530 1913 et
543 1842 611 1915 ictu
624 1840 749 1916 doloris
763 1843 894 1931 saucio,
909 1842 1059 1919 salutaris
1072 1863 1122 1918 cst
1135 1862 1222 1920 tem·

159 1961 285 2062 pestive
296 1957 443 2031 adbibita
456 1955 614 2031 orationis
627 1958 798 2033 medicina.
818 1959 988 2033 Memoria
1005 1960 1223 2061 prodiderunt

156 2074 366 2150 Democritus
377 2090 410 2146 et
419 2072 668 2172 Theophrastus
682 2074 868 2173 viperarum
881 2075 1121 2178 hominumque
1135 2106 1220 2152 mor

158 2219 214 2265 sus
231 2189 432 2291 quibusdam
452 2188 605 2262 tibiarum
624 2188 771 2262 infractis
788 2190 1076 2266 modulationibus
1093 2194 1220 2267 curam:

159 2305 249 2409 quod
263 2325 296 2379 et
310 2305 497 2379 ischiadicis
510 2306 697 2380 existimant
712 2306 869 2406 prodesse
885 2308 1073 2409 plurimum.
1097 2311 1220 2383 Contra

159 2453 262 2525 quum
280 2421 445 2522 Phrygios
462 2420 580 2496 modos
599 2421 718 2495 tibicen
733 2421 917 2508 incinebat,
936 2423 1029 2524 quasi
1047 2424 1219 2525 repentino

157 2544 268 2616 surore
285 2540 425 2614 acrabie
444 2540 576 2640 perciti,
598 2538 683 2611 Galli
704 2538 867 2640 Cybeles,
885 2541 1006 2613 ferrum
1018 2541 1053 2613 in
1068 2570 1103 2616 se
1122 2542 1221 2617 strin-

160 2658 296 2750 gebant,
310 2675 342 2730 et
348 2657 493 2730 membra
503 2684 560 2731 sua
571 2655 755 2743 laniabant,
769 2684 843 2756 quae
853 2657 980 2729 utinam
988 2656 1116 2732 insania
1127 2675 1218 2732 tanto

159 2770 330 2844 intervallo
348 2772 391 2844 ad
407 2798 520 2844 eorum
538 2769 675 2864 gentiles
695 2800 762 2844 non
784 2771 993 2872 pervenisset.
1018 2774 1096 2846 Non
1120 2773 1218 2848 dissi·

160 2882 247 2953 milis
265 2902 315 2959 est
331 2884 379 2956 vis
397 2883 554 2957 orationis
572 2901 605 2957 et
620 2883 773 2971 facultas,
796 2914 867 2985 quae
889 2885 917 2959 si
940 2886 1164 2960 vehementius
1182 2887 1217 2959 in

159 3024 252 3068 aures
269 2999 471 3071 audientium
487 2998 688 3088 infunditur,
707 3002 916 3100 quantumvis
934 3002 1061 3103 quietas
1076 3021 1106 3076 et
1122 3003 1217 3075 seda-

160 3129 210 3183 tas
226 3130 353 3187 mentes
368 3115 511 3187 concitat
526 3142 562 3187 ac
579 3115 752 3215 perturbat
775 3147 783 3189 :
803 3117 854 3191 sin
870 3115 972 3190 levius
995 3117 1118 3204 inlluit,
1134 3145 1216 3216 per·

159 3228 307 3302 turbatas
324 3248 356 3302 et
370 3232 548 3305 concitatas
562 3233 670 3318 sedat,
685 3232 824 3333 oleoque
840 3235 1081 3335 tranquilliores
1093 3236 1216 3310 reddit,

159 3342 207 3413 tlt
223 3340 294 3413 istae
308 3341 606 3443 pbilosophorum,
628 3374 699 3421 non
723 3363 906 3432 oratorum,
926 3367 1004 3422 sunt
1024 3349 1218 3424 consolandi

45 3511 47 3518 ,
159 3459 291 3557 partes?
309 3458 401 3553 Quid
418 3460 446 3531 si
459 3461 680 3561 philosophos
695 3463 788 3562 ipsos
802 3464 977 3537 ostendero
995 3492 1076 3539 suos
1099 3465 1218 3539 bortu-

160 3572 229 3659 los,
248 3572 335 3646 unde
357 3575 497 3647 remedia
514 3577 640 3651 morbis
659 3579 841 3653 animorum
859 3597 992 3679 petunt,
1012 3580 1126 3655 Ovidii
1144 3583 1217 3657 fon·

161 3686 251 3761 tibus
267 3686 443 3781 irrigasse?
458 3691 610 3789 Optime,
629 3711 667 3767 ut
681 3721 749 3767 mea
760 3694 823 3766 sert
841 3695 975 3795 opinio,
991 3695 1031 3768 de
1047 3695 1140 3771 luctu
1157 3698 1216 3772 mi·

159 3805 290 3880 truendo
304 3805 435 3906 scripsit
447 3808 485 3879 L
500 3809 644 3885 hnnaeus
656 3811 786 3885 Seneca.
801 3812 963 3907 Perlegite
978 3813 1048 3910 ejus
1060 3816 1214 3888 consola·

159 3921 314 3994 tionesad
327 3921 512 4022 Polybium,
527 3924 654 4001 Claudii
665 3926 981 4015 Cesarislibertum3
994 3932 1035 4005 ad
1047 3932 1211 4015 Martiam,

160 4036 262 4108 Cordi
278 4037 435 4113 Cremutii
446 4038 565 4126 filiam,
581 4028 781 4117 ad'llelviam
794 4065 927 4121 matrem
944 4079 951 4119 :
967 4048 1031 4120 uisi
1042 4048 1209 4121 mibicon-
