2768 4694
458 334 522 399 ET
549 333 936 402 PRAEFATIONES.
1164 335 1228 402 303

156 501 192 551 se
210 473 266 548 illa
290 473 421 575 quidem
438 474 551 549 ferant
570 473 722 551 falsitatis
740 494 772 550 et
791 475 1035 550 mendaciorum
1062 481 1155 576 (quo
1172 505 1232 550 uo·

156 591 246 664 mine
260 592 350 693 apud
372 590 529 667 indoctos
554 610 587 666 et
609 593 782 693 imperitos
803 609 909 693 poeta
933 589 1017 664 male
1036 592 1179 665 audiunt
1193 593 1229 688 ),

155 706 320 810 fidemque
341 707 408 784 illis
426 727 547 784 temere
564 709 760 783 adhibentes
781 710 887 810 decipi
903 709 1075 784 videantur
1095 739 1103 782 :
1122 728 1227 784 tamen

156 851 262 924 quum
279 821 345 896 sub
362 822 432 898 illis
448 823 533 924 ipsis
548 825 785 919 integumentis
801 841 901 924 atque
920 824 1151 925 putaminibus
1168 826 1231 899 ab·

155 940 328 1016 sconditus
355 942 401 1017 sit
421 941 569 1049 veritatis
585 940 743 1028 nucleus}
760 944 826 1016 hoc
849 940 1014 1029 efficitur,
1033 958 1072 1015 ut
1088 943 1133 1016 sit
1146 947 1161 1017 i
1174 943 1229 1032 μὲν

155 1059 313 1140 domim
324 1063 502 1153 dantisque
516 1062 575 1133 reti
582 1058 627 1150 pl
640 1057 859 1144 inurimur,
876 1059 925 1133 sal
940 1063 956 1131 ὅ
969 1058 1124 1142 deserti<
1135 1063 1228 1140 soori-

155 1207 227 1270 repe<
238 1178 298 1247 «nt
305 1175 350 1266 μα’
364 1177 566 1261 irradiare,
579 1177 760 1250 secundum
775 1176 906 1273 Gorgia
917 1176 1043 1249 dictum
1053 1178 1140 1278 apud
1154 1177 1230 1252 Plu-

158 1289 321 1378 tarclttlm,
333 1289 449 1365 libello
461 1297 524 1372 ml}
533 1292 646 1364 ‹tet'oes'v
654 1298 711 1364 νέον
724 1292 896 1380 renuardi
905 1291 1021 1362 siurim.
1037 1292 1149 1392 Atque
1165 1293 1228 1367 ltoc

158 1431 284 1499 genus,
310 1424 350 1480 ut
371 1407 418 1481 sic
439 1407 576 1508 loquar,
599 1408 811 1508 imposturae,
837 1408 934 1480 etiam
958 1404 1071 1478 divino
1094 1407 1227 1483 Platoni

157 1519 243 1593 adeo
254 1520 388 1611 adrisit,
403 1542 441 1599 ut
454 1552 556 1625 quum
574 1523 794 1625 philosophiae
808 1522 929 1596 limites
947 1521 1094 1623 prolerre
1105 1522 1141 1595 in
1157 1527 1227 1597 ani-

157 1665 215 1709 mo
230 1638 385 1726 baberet,
401 1641 443 1715 ab
463 1642 614 1716 oratione
636 1642 768 1741 quidem
784 1668 995 1714 numerorum
1014 1659 1100 1715 certa
1115 1644 1229 1716 mode-

155 1753 285 1828 ratione
301 1755 459 1832 adstrieta
476 1756 696 1844 abstinuerim
713 1786 731 1830 a
747 1755 935 1830 fabularum
958 1773 1065 1830 autem
1087 1787 1228 1860 usurpa·

158 1869 247 1946 tione
259 1872 391 1948 minime
407 1873 472 1950 sibi
485 1876 714 1976 temperaverit
727 1905 736 1949 :
751 1874 900 1976 quamvis
912 1872 1108 1949 Aristoteles
1119 1932 1128 1963 ‚
1139 1902 1224 1948 novo

159 1985 301 2083 quodam
319 1989 493 2093 exemplo,
518 1992 655 2093 antiqua
677 1988 937 2092 philosophandi
958 1988 1028 2085 lege
1046 2010 1224 2092 perrupta,

157 2118 190 2174 et
206 2101 266 2177 ltas
282 2122 315 2178 et
330 2104 403 2180 illas
417 2106 598 2203 neglexerit
612 2137 620 2181 ε
635 2107 693 2182 sed
710 2107 774 2192 ita,
792 2124 831 2181 ut
845 2106 950 2209 ipsius
965 2106 1109 2181 brevitas
1126 2124 1225 2209 atque

157 2217 327 2296 subtilitas
353 2222 389 2294 in
410 2224 642 2300 consumendis
660 2223 861 2326 disciplinis,
879 2253 939 2298 nec
962 2221 1062 2320 vulgo
1078 2225 1226 2325 proden-

156 2337 225 2427 dis,
243 2359 277 2414 et
290 2341 445 2415 carminis
462 2343 564 2417 vicem
583 2360 692 2438 gerat,
713 2362 746 2417 et
761 2339 957 2415 fabularum.
977 2339 1156 2413 Verumde
1173 2341 1225 2414 his

156 2452 254 2552 plura
269 2483 358 2528 nunc
374 2458 622 2530 commemorari
637 2487 705 2533 non
722 2474 773 2532 est
786 2484 918 2530 neeesse
933 2486 940 2529 :
957 2472 1134 2541 eteorum,
1153 2483 1224 2554 qua

159 2568 198 2642 de
220 2567 407 2644 fabularum
430 2571 609 2648 involucris
628 2574 787 2650 hactenus
813 2573 899 2646 dicta
923 2589 1019 2658 sunt,
1042 2568 1225 2668 exemplum

157 2682 264 2777 magis
272 2683 427 2757 idoneum
439 2685 577 2785 proferri
590 2689 724 2790 nequit,
741 2689 806 2762 hoc
822 2685 936 2759 Ovidii
951 2699 1118 2786 poemate,
1133 2682 1225 2781 quod

158 2798 477 2900 Metamorphoseon
497 2801 595 2876 titulo
611 2803 794 2908 inscripsit3
813 2804 847 2876 in
866 2831 933 2904 quo
947 2799 1064 2875 seriem
1078 2798 1224 2872 historiar

159 2914 220 3009 (id
240 2914 330 3016 quod
350 2916 447 2990 initio
466 2919 578 3018 operis
599 2920 789 3023 poeta·ipse
810 2918 1009 3021 profitetur)
1026 2915 1068 2988 ab
1086 2915 1224 2990 exordio

157 3024 273 3105 mundi
290 3032 330 3106 ad
348 3061 528 3134 sonusque
548 3051 696 3136 tempora
712 3035 904 3131 deductam,
925 3033 1048 3131 sabulis
1064 3031 1201 3105 involvit
1216 3063 1224 3119 ;

159 3171 300 3244 quamm
313 3146 504 3222 occasiones
512 3147 634 3248 partim
644 3177 663 3222 a
674 3174 782 3224 rerum
793 3165 957 3245 gestarum
972 3146 1144 3221 eventibus
1157 3146 1222 3218 huc

157 3261 408 3337 accommodatas
423 3281 523 3352 suut,
544 3264 700 3365 partim-a
716 3280 840 3339 nature
857 3262 1135 3363 subjectionibus,
1153 3260 1223 3333 alia

160 3372 301 3478 denique
316 3409 334 3453 a
352 3381 503 3455 moribus
520 3397 552 3454 et
565 3381 834 3456 riteeommunis
848 3378 1075 3479 admonitione
1092 3376 1221 3451 desum·

159 3507 240 3588 pta,
257 3512 351 3569 tanto
372 3495 507 3598 quidem
531 3520 606 3570 oum
624 3495 764 3571 artifieio
782 3512 912 3596 tamque
935 3492 1079 3567 mirabili
1094 3489 1224 3564 fabula-

160 3632 234 3680 rum
245 3610 388 3710 ipsamm
402 3613 663 3714 dispensatione,
675 3631 715 3687 ut
727 3636 796 3687 nou
809 3611 908 3687 modo
923 3611 1127 3686 eruditomm
1141 3632 1222 3678 con-

160 3749 277 3798 sensus
287 3726 351 3800 hos
362 3755 447 3828 opus
454 3746 594 3831 propter
602 3716 800 3834 doctrinam,
815 3756 912 3831 quarn
923 3727 1070 3801 continet
1080 3750 1117 3795 ex
1129 3721 1218 3794 omni

159 3838 379 3942 philosophia
399 3868 515 3937 genere
535 3844 793 3947 amplissimam,
808 3842 1003 3919 eruditionis
1030 3838 1220 3912 thesaumm

155 3956 352 4057 judicaverit
368 3987 376 4030 :
395 3961 564 4035 sedetiam
579 3988 619 4036 ex
636 3961 779 4048 Grecis,
791 3960 934 4062 itemque
946 3957 1019 4032 aliis
1030 3952 1219 4028 nationibus

159 4074 284 4148 inventi
302 4074 370 4148 sint
390 4073 513 4175 aliqui,
540 4072 599 4176 qui
616 4093 682 4151 tam
700 4075 847 4178 praeclari
870 4073 981 4175 operis
1006 4068 1221 4146 admiratione
