2768 4694
620 346 769 414 VITA.
1180 345 1226 410 85

154 485 291 559 fuerant
307 501 381 559 aute
398 480 555 582 plurimis
576 479 752 580 exemplis,
779 477 917 551 omnino
935 475 1063 563 aboleri
1078 505 1148 551 nen
1164 506 1225 578 po-

159 615 297 674 tuerunt
314 629 324 673 :
340 614 514 698 propterea
532 595 580 669 sie
596 596 666 694 ipse
683 595 791 693 primo
807 592 847 666 de
860 593 963 666 Trist.
979 591 1072 688 Eleg.
1088 610 1146 681 vt,
1160 594 1223 667 ait:

324 745 405 800 Grata
415 755 462 797 tua
472 753 512 797 eet
523 742 606 812 pietat
617 762 624 803 3
637 741 682 794 sed
694 740 811 794 carmina
824 741 910 808 major
920 741 1008 810 imago

352 836 423 891 Sunt
436 853 515 900 mea,
527 852 586 903 qua
600 832 697 885 mando
709 832 908 901 qualiacumque
920 833 1006 902 lega,

324 927 452 986 Carmina
464 935 578 979 mutatae
588 924 728 976 bominum
741 922 854 977 dicentia
865 921 977 977 forman:

357 1016 454 1074 tuteli:
465 1015 565 1069 domini
577 1013 647 1083 quod
660 1013 720 1082 luga
730 1013 801 1080 rupit
812 1031 885 1082 opus.

325 1109 392 1162 Hoc
402 1124 452 1175 ego
463 1104 611 1168 discedens,
622 1104 689 1156 aitut
703 1104 770 1156 bene
782 1102 863 1155 multa
874 1118 1013 1168 meorum,

328 1263 333 1271 ‚
361 1199 421 1267 lpse
433 1215 493 1250 mea
504 1196 576 1266 poetri
588 1204 693 1249 moeatm
704 1194 732 1246 in
744 1194 804 1262 igne
815 1212 906 1247 mauu.

331 1288 424 1358 thue
434 1305 560 1341 cremasse
571 1304 646 1338 auum
658 1283 745 1337 fertur
754 1285 801 1338 sub
809 1284 895 1352 stipite
907 1294 1000 1337 natum

364 1376 496 1444 Thestias,
509 1388 536 1431 et
547 1376 638 1431 melior
649 1388 733 1430 matre
744 1375 824 1429 ruisse
837 1394 929 1441 soron

332 1469 374 1522 sic
384 1487 434 1538 eqo
444 1487 497 1521 nun
511 1468 632 1531 meritos,
647 1486 753 1522 mecum
767 1466 895 1536 peritura,
907 1465 1005 1521 libellos

358 1558 472 1629 lrnpoeui
483 1557 595 1628 rapidis,
607 1559 705 1614 r'ucera
716 1570 820 1624 nostra,
833 1558 902 1628 rogis
914 1578 920 1612 :

326 1647 376 1702 Vel
385 1648 456 1719 quod
467 1668 541 1703 eram
556 1649 664 1713 Mutat,
678 1660 707 1703 ut
718 1650 829 1703 crirniua
839 1661 945 1717 nostra,
958 1668 1079 1720 peroeua3

356 1739 405 1794 Vel
417 1740 488 1810 quod
501 1740 588 1795 adbuc
599 1760 717 1795 crescens
729 1751 756 1794 et
767 1740 832 1795 rude
844 1760 951 1795 carmen
963 1752 1027 1794 erat.

327 1830 394 1900 Qun
407 1832 534 1900 quoniam
546 1851 601 1885 non
614 1843 678 1886 sunt
690 1833 794 1902 penitus
804 1832 922 1898 sublata,
935 1831 980 1886 aed
992 1842 1108 1901 exstant,

357 1923 480 1976 Pluribus
491 1924 615 1992 exemplis
627 1924 721 1992 scripta
735 1923 812 1977 suinae
827 1943 895 1976 reor.

326 2012 403 2066 Nunc
416 2032 525 2082 precor,
540 2025 570 2067 ut
581 2014 671 2067 vivant
681 2034 688 2078 ;
700 2024 728 2067 et
741 2033 796 2066 non
810 2014 900 2082 ignava
915 2013 1048 2083 legentum

359 2101 421 2156 Otia
433 2102 583 2169 delectent,
595 2103 807 2174 admoneantque
820 2107 881 2158 mei.

327 2191 387 2246 Non
400 2204 492 2246 tamen
506 2193 547 2245 illa
559 2192 608 2264 legi
620 2206 745 2264 poterunt
758 2197 888 2264 patienter
899 2196 930 2248 ab
942 2195 1015 2265 ullo,

359 2284 461 2337 Nesciat
474 2283 514 2336 bis
525 2304 654 2338 summam
668 2288 688 2338 si
701 2288 759 2355 quis
770 2289 856 2340 abesse
869 2307 986 2340 manum.

328 2373 450 2426 Ablatum
465 2373 560 2427 mediis
573 2394 637 2444 opus
647 2387 685 2429 est
697 2376 834 2429 incudibus
846 2376 908 2429 illud
920 2400 927 2440 ς

362 2463 455 2518 Defuit
468 2476 496 2518 et
508 2465 610 2533 scriptis
621 2468 712 2519 ultima
725 2468 787 2520 lima
802 2468 875 2520 meis.

328 2554 363 2607 Et
374 2555 478 2608 veniam
494 2575 545 2625 pro
558 2556 634 2611 laude
649 2570 710 2628 peto
723 2559 859 2613 :laudatus
871 2559 988 2626 abunde,

359 2647 417 2699 Non
433 2645 562 2700 fastiditus
572 2648 593 2699 ai
607 2648 667 2714 tibi,
683 2651 781 2716 lector,
795 2670 848 2703 ero.

335 2736 391 2788 Hos
401 2757 502 2808 quoque
515 2759 560 2791 sex
570 2758 657 2793 versus
668 2741 696 2793 in
707 2741 792 2810 prima
804 2741 891 2793 fronte
904 2739 997 2806 libelli,

366 2827 395 2880 si
405 2829 591 2899 praeponendos
600 2848 655 2886 ecee
667 2818 783 2901 putabis,
796 2831 862 2884 babe
874 2852 880 2884 z

334 2918 416 2972 Onna
427 2931 530 2987 parente
539 2940 588 2974 auo
602 2923 762 2990 quicumque
778 2922 911 2975 volumina
923 2922 1025 2990 tangit,

362 3010 413 3064 tiis
423 3009 513 3064 saltem
527 3024 611 3066 vestra
623 3011 703 3064 detur
713 3013 740 3065 in
753 3012 816 3066 urbe
830 3012 909 3068 locus.

332 3100 449 3171 Quoque
460 3103 540 3173 magis
553 3102 657 3168 lavem,
669 3120 722 3154 uon
734 3090 798 3154 aunt
806 3100 861 3157 bec
872 3104 942 3157 edita
953 3103 985 3156 ab
996 3104 1068 3174 ipae,

362 3193 416 3248 Sed
428 3195 499 3264 quari
510 3195 543 3249 de
555 3190 658 3247 domini
668 3191 760 3246 sunere
770 3203 845 3265 rapta
854 3195 903 3248 aui.

329 3284 468 3355 Quidquid
479 3285 506 3338 in
520 3286 560 3338 hie
571 3284 651 3353 igitur
661 3283 716 3336 vitii
730 3283 795 3338 rude
806 3304 913 3339 carmen
926 3285 1047 3355 babebit,

363 3375 574 3442 Emendaturtu,
585 3373 836 3441 distinendam.

162 3502 249 3572 ltem
264 3497 302 3568 in
317 3495 389 3583 lll,
406 3493 499 3588 Eleg-
519 3510 604 3566 xtv:

333 3645 403 3698 Sunt
412 3662 517 3712 quoque
529 3650 635 3696 mutata
645 3651 687 3695 ter
697 3640 814 3710 quinque
825 3640 959 3695 volumina
970 3640 1063 3696 [orma
1076 3681 1084 3705 ,

367 3733 493 3791 Carmina
504 3734 538 3787 de
548 3732 651 3789 domini
662 3734 758 3788 lunen
770 3743 843 3802 rapta
855 3733 904 3787 aui.

336 3823 402 3877 lllud
411 3844 476 3896 opus
487 3825 588 3895 potuit,
598 3826 621 3880 ei
632 3844 686 3879 non
699 3824 771 3896 priua
782 3825 835 3894 ipse
847 3828 988 3894 pertatem,

372 3912 473 3971 Certiua
484 3936 499 3970 a
509 3935 611 3970 summa
621 3935 721 3970 nornen
735 3916 830 3969 babere
842 3934 932 3968 manu.

342 4003 420 4059 Nune
426 4006 597 4061 ineorreelum
609 4008 698 4077 populi
709 4007 829 4078 pervenit
839 4008 868 4060 in
878 4024 924 4060 ora
934 4046 942 4072 ,

370 4096 405 4154 ln
418 4097 503 4166 populi
513 4096 654 4169 quidquam
666 4098 687 4153 ai
698 4108 787 4162 umen
799 4116 845 4151 ore
856 4113 949 4151 meum
959 4103 1011 4147 eet
