2768 4694
478 330 532 397 tu
556 331 739 398 ovrntr
763 328 887 396 tarn.
991 384 994 390 ,
1173 333 1216 423 '⁵7

154 507 173 540 »
194 469 373 573 copbronis
385 498 514 544 carmen
528 469 667 567 legimus
683 497 785 570 saepe,
802 471 836 542 in
851 498 919 571 quo
936 488 1129 564 argumento
1143 471 1217 572 qui·

156 623 175 654 >a
196 589 267 664 dem
281 589 404 663 Ovidio
416 587 588 681 grandior,
604 586 661 660 sed
675 586 783 661 verbis
796 587 942 686 apertior
954 585 1054 659 nobis
1070 586 1215 673 videtur3

156 736 174 769 >2
195 722 227 775 et
240 703 328 788 caeci,
349 701 406 803 qui
424 700 517 774 illum
531 702 809 800 interpretantur,
825 701 860 771 in
878 716 968 772 tanta
981 699 1160 800 praesertim
1176 698 1218 772 li-

156 850 173 881 »
194 817 329 891 brorum
350 816 446 915 eopia
463 845 472 888 :
491 844 559 888 non
578 814 749 887 tamenim
769 843 829 915 per
845 810 1064 912 conjecturam
1081 811 1219 901 sabula,

158 966 175 998 »
194 950 232 1006 nt
245 932 335 1034 apud
351 930 444 1004 illum
458 930 651 1025 indagandae
664 930 814 1016 fuerunt,
830 958 929 1030 quam
944 926 1132 1023 colligenda
1144 957 1162 1001 a
1173 927 1223 1000 di-

157 1083 173 1114 »
191 1051 298 1124 rersis
316 1049 511 1122 auctoribus
527 1047 665 1147 scriptae.
685 1080 701 1108 »
719 1045 946 1140 Quamobrem
961 1043 1085 1116 nemini
1100 1044 1219 1117 mimm

153 1164 259 1238 rideri
275 1164 395 1252 debet,
413 1163 441 1236 si
467 1181 519 1236 tot
541 1162 708 1236 Ouidianae
731 1160 851 1234 mentis
874 1161 1069 1260 interpretes
1097 1159 1133 1230 in
1147 1157 1221 1258 ple-

155 1283 270 1382 risque
280 1280 367 1355 loeis
379 1279 479 1354 veluti
491 1281 524 1352 in
538 1281 622 1353 circo
636 1280 885 1353 Andabatarnm
898 1307 989 1352 more
1006 1278 1218 1352 decertamus.

159 1399 191 1471 Α
207 1426 303 1472 versu
317 1399 469 1471 nimirum
484 1396 574 1484 255,
590 1397 677 1469 unde
696 1400 786 1469 Naso
803 1394 929 1469 fabulas
950 1413 982 1469 et
997 1395 1155 1471 historias
1169 1424 1223 1469 au-

159 1511 322 1614 spicatnr,
342 1512 382 1586 ad
400 1542 526 1587 versum
545 1511 638 1605 645,
658 1512 715 1613 qui
737 1510 842 1585 libelli
865 1529 1052 1611 postremus
1074 1529 1142 1599 est,
1164 1511 1223 1583 tri-

157 1630 244 1727 ginta
261 1659 361 1732 supra
380 1630 536 1706 ducentas
549 1647 782 1703 memorantur.
808 1628 979 1702 lnterdum
994 1657 1062 1701 uno
1079 1628 1221 1702 disticho

157 1763 221 1821 tres
239 1746 465 1834 continentur,
483 1746 651 1820 interdurn
669 1763 830 1845 quatuor,
848 1741 980 1818 utillo:

257 1965 263 1977 .
355 1928 397 1982 Ut
406 1927 458 1981 suit
470 1928 559 1981 OEteo
571 1926 721 1996 qnondam,
737 1946 886 1996 generoque
901 1925 1061 1992 draconum,

385 2017 573 2087 Tisamenique
587 2017 669 2086 patri,
685 2015 879 2086 Callirhoesque
892 2019 963 2081 rir03

158 2168 201 2242 ita
217 2187 256 2242 nt
274 2167 478 2242 ovidianum
498 2169 564 2241 boe
580 2170 781 2269 poematium
799 2155 983 2243 {fibularum
1002 2169 1132 2245 officina
1147 2199 1221 2245 vere

160 2282 221 2355 diei
234 2284 353 2383 possit.
373 2285 480 2356 Causa
493 2311 570 2357 vero
582 2313 600 2356 a
613 2284 711 2357 nobis
725 2312 786 2357 sno
801 2283 876 2356 loco
889 2286 1055 2373 afferetur,
1069 2314 1128 2359 cnr
1141 2286 1223 2358 Ovi-

161 2398 233 2471 dius
248 2398 446 2473 obscuritati
464 2399 647 2486 studuerit3
662 2400 718 2474 sed
734 2419 766 2474 et
783 2419 857 2474 ante
874 2400 966 2476 illum
985 2404 1089 2477 Cinna
1104 2419 1219 2503 poeta,

162 2514 287 2609 Virgilii
305 2516 470 2616 praeconio
486 2514 686 2600 celebratus,
706 2517 894 2616 Smyrnam,
917 2545 1031 2619 poema
1054 2519 1220 2590 obscuris-

162 2629 296 2717 simum,
314 2631 512 2719 elaboravit,
532 2632 621 2732 quod
639 2661 741 2732 quum
758 2631 857 2728 vulgo
875 2662 945 2706 non
963 2632 1219 2728 intelligeretur,

164 2745 342 2818 Crassitius
360 2746 585 2839 grammaticus
603 2749 846 2822 Commentario
862 2747 1045 2836 luculento,
1062 2749 1095 2820 in
1113 2748 1221 2847 ipsum

163 2856 278 2943 edito,
300 2857 380 2931 adeo
407 2859 577 2946 inclaruit,
596 2879 636 2934 ut
648 2862 713 2934 boc
732 2863 928 2961 epigramma
946 2862 985 2936 de
1004 2891 1043 2934 eo
1061 2863 1220 2962 scriptum

164 2976 220 3064 sit,
242 2993 323 3050 teste
341 2977 515 3064 Suetonio,
533 2977 622 3051 libro
642 2977 681 3051 de
696 2976 883 3052 illustribus
902 2978 1153 3052 Grammaticis:

355 3158 414 3211 Uni
428 3156 552 3213 Crassitio
565 3177 593 3218 se
606 3157 712 3212 credere
726 3158 841 3231 Smyrna
852 3159 986 3230 probavit:

390 3249 526 3315 Desinite,
541 3247 656 3314 indocti,
668 3249 791 3319 conjugio
804 3248 870 3303 banc
881 3260 979 3319 petere.

358 3341 414 3395 soti
426 3340 554 3395 Crassitio
564 3360 591 3393 se
602 3339 666 3393 dixit
675 3341 775 3394 nubere
788 3340 870 3404 velle,

391 3433 489 3487 Intima
501 3433 542 3485 cui
554 3431 601 3485 soli
612 3443 676 3485 nota
689 3450 734 3484 sua
746 3431 898 3485 exstiterint.

166 3583 332 3683 Smyrnam
346 3602 456 3659 antem
474 3582 631 3656 novennii
647 3611 735 3682 opus*
747 3583 848 3658 fuisse
867 3581 1018 3659 Catullus
1036 3602 1070 3657 et
1086 3585 1220 3680 Quinti-

165 3695 270 3772 lianus
279 3697 502 3799 prodiderunt
517 3729 525 3770 ε
542 3727 608 3798 quo
626 3698 764 3772 fortasse
777 3699 921 3800 respexit
935 3699 1093 3775 Horatius
1106 3701 1139 3770 in
1151 3698 1223 3797 epi-

164 3809 253 3885 stola
264 3811 306 3885 ad
316 3813 470 3899 Pisones,
485 3840 587 3912 quum
600 3813 766 3914 precipit,
782 3813 936 3889 duratura
950 3832 1100 3916 poemata
1114 3814 1148 3883 in
1161 3840 1223 3885 no-

163 3955 244 4001 num
262 3953 386 4000 annum
398 3928 576 4028 premenda
595 3956 674 4004 esse.
693 3931 761 4004 Nec
778 3931 961 4019 omiserim,
979 3928 1224 4028 antiquissimos

163 4058 281 4143 poetas
305 4038 347 4113 de
365 4038 523 4116 irtdnstria
543 4041 777 4117 obscuritatem
803 4044 993 4130 affectasse,
1015 4059 1053 4114 ut
1077 4043 1223 4146 AEscbpli
