2768 4694
165 324 224 369 120
306 254 310 262 ¹
491 303 531 369 r.
557 301 735 373 0v1n11
759 300 885 367 vrrs

137 504 142 514 .
157 440 345 516 Difficultas
362 438 478 515 exinde
494 441 618 530 oritur,
635 442 726 542 quod
737 440 817 513 varii
830 440 916 512 inter
929 430 1101 512 Romanos
1113 441 1220 516 tuinu-

161 558 219 632 oiri
232 556 425 632 exstiterint.
445 560 493 630 At
505 585 582 630 vero
598 557 652 629 bic
671 557 711 630 de
727 555 786 628 itto
802 554 908 631 solum
925 554 1114 629 tnbinvirutu
1130 557 1220 655 cogi·

161 673 297 747 tandum
312 672 419 761 venit,
439 673 496 772 qui
512 673 723 768 magistratus
735 688 803 745 erat
816 670 1016 747 necessarius
1029 670 1220 749 adolescen-

161 790 269 877 tibus,
288 789 323 861 in
348 807 480 863 senatus
505 817 597 891 spem
614 788 717 863 latum
734 789 860 863 clavum
874 788 1088 885 gerentibus,
1116 791 1221 892 qualis

162 905 303 981 Ovidius
318 905 384 977 boc
399 922 546 1004 tempore
559 904 633 977 fuit.
648 904 776 979 Idcirco
791 904 880 980 litem
894 904 947 978 bis
959 905 1060 978 modo
1073 906 1222 983 terminis

161 1022 384 1097 circumscribi
411 1022 493 1097 mibi
514 1023 664 1106 videtur,
692 1040 730 1097 ut
759 1023 967 1124 quaerendum
990 1023 1158 1123 supersit,
1182 1056 1221 1100 an

161 1143 283 1214 Noster
295 1139 559 1214 annumerandus
573 1139 821 1229 triumviris,vel
834 1139 1030 1240 cupitob‘bus,
1046 1140 1098 1213 vel
1110 1143 1222 1243 potius

161 1257 374 1340 mouetola‘bns,
399 1257 456 1355 qui
470 1242 568 1329 etiam
584 1257 705 1356 passim
724 1257 758 1330 in
774 1257 916 1330 nummis
934 1284 970 1329 ac
983 1253 1152 1356 lapidibus
1174 1261 1222 1331 tll

161 1376 261 1446 vtltl
281 1376 320 1445 A.
340 1373 381 1445 A.
399 1366 441 1443 b.
460 1373 496 1443 F.
513 1372 551 1443 F.
566 1429 575 1458 ,
591 1371 626 1444 id
642 1389 713 1460 est,
736 1401 840 1459 auro,
859 1389 1013 1466 argento,
1028 1400 1090 1448 aere
1114 1373 1223 1447 flando

162 1486 314 1561 seriundo
333 1485 514 1579 signantur.
534 1484 665 1557 Etenim
683 1484 832 1580 geminus
850 1502 977 1559 tantum
992 1484 1085 1558 biece
1109 1485 1224 1559 trium-

164 1603 288 1674 viratus
301 1629 319 1673 a
335 1598 553 1700 scriptoribus
567 1600 652 1673 inter
665 1598 737 1673 illas
749 1620 936 1676 recensetur
949 1600 1138 1696 dignitates,
1149 1631 1224 1702 quae

163 1714 283 1812 gradus
302 1731 394 1788 erant
410 1714 450 1788 ad
468 1713 668 1789 senatorium
686 1714 854 1804 ordinem,
869 1744 930 1790 nec
944 1714 1029 1789 alius
1045 1712 1131 1794 inter
1146 1714 1222 1788 vul-

165 1861 258 1928 gares
277 1831 422 1904 occurrit
437 1829 571 1919 titulos,
588 1830 712 1932 quibus
725 1829 872 1930 lapidum
885 1828 1115 1930 inscriptiones
1133 1829 1222 1905 viros

163 1946 288 2019 ordinis
306 1944 460 2019 senatorii
477 1962 646 2018 exornant.
1182 2020 1185 2025 ,

211 2062 339 2135 Deinde
362 2091 439 2134 vero
457 2062 538 2133 mihi
559 2089 750 2163 persuasum
769 2078 836 2144 est,
857 2057 1013 2131 Ovidium
1030 2086 1047 2132 e
1064 2059 1222 2134 triumrin's

162 2177 263 2252 fuisse
280 2179 476 2280 capitalibus,
501 2179 559 2276 qui
577 2168 701 2250 scilicet
717 2175 757 2248 de
774 2175 878 2274 capite
894 2175 1086 2273 judicabant
1102 2173 1177 2247 vilis
1190 2191 1222 2249 et

162 2294 295 2391 abjectae
304 2291 503 2366 conditionis
516 2291 700 2376 bominum,
712 2289 761 2361 uti
772 2289 881 2362 iurum
892 2306 923 2362 et
937 2317 1115 2375 servorum,
1124 2306 1222 2389 atque

162 2410 299 2486 carceris
316 2407 499 2482 custodiam
524 2406 701 2480 habebant.
736 2404 835 2477 Ratio
861 2433 939 2478 meae
959 2404 1128 2477 sententie
1152 2422 1221 2492 est,

164 2524 255 2628 quod
272 2524 296 2596 ii
313 2550 397 2622 sepe
415 2519 606 2621 simpliciter
623 2535 655 2590 et
672 2517 797 2617 absque
816 2516 885 2590 ullo
898 2516 1011 2605 titulo,
1029 2517 1118 2615 apud
1136 2517 1223 2591 anti-

163 2669 249 2743 quos
266 2656 417 2714 auctores
434 2636 586 2709 dicantur
601 2633 747 2709 triumuiri
755 2663 768 2718 ;
791 2636 848 2709 sed
860 2633 915 2707 alii
929 2661 997 2706 non
1014 2633 1058 2706 ita
1075 2632 1221 2721 soleant,

160 2759 225 2832 nisi
243 2785 318 2830 eum
335 2753 480 2828 muneris
503 2749 554 2826 sni
582 2751 672 2824 notis
694 2748 866 2848 designari.
899 2751 949 2824 De
974 2751 1039 2826 iltis
1061 2749 1221 2840 Plautus,

159 2872 307 2972 Amphit.
326 2859 400 2943 Act.
419 2872 454 2954 Ι,
474 2872 558 2942 scdn.
581 2894 595 2938 1
615 2896 623 2938 ε

275 3017 349 3087 Quid
362 3017 456 3070 faciam
468 3034 556 3080 nunc,
568 3014 589 3066 si
601 3020 702 3068 [πηνίκ’
710 3035 751 3068 me
764 3015 792 3066 in
804 3032 925 3067 carcerem
937 3011 1134 3080 compegerint?

274 3107 340 3162 lude
353 3126 409 3161 cras
421 3126 436 3160 e
448 3105 626 3175 promptuaria
638 3104 701 3159 cetta
714 3104 853 3174 depromar
866 3101 898 3154 ad
912 3102 1023 3171 flagrum
1033 3101 1045 3154 ?
1057 3113 1106 3155 etc.

160 3245 193 3298 et
210 3227 302 3299 Asin.
321 3228 396 3299 Act.
416 3227 451 3310 i,
471 3251 558 3297 scen.
578 3249 622 3294 2:

598 3370 665 3423 Nam
678 3368 731 3438 jam
744 3367 903 3421 erhocloro

317 3463 365 3516 lbo
376 3482 425 3533 ego
438 3461 470 3514 ad
482 3467 615 3524 tresor'ros,
631 3470 767 3528 vestraque
781 3459 816 3512 ibi
828 3458 936 3512 nomina

319 3557 389 3609 Faxo
400 3564 486 3608 erunt.

158 3676 264 3750 Valer.
293 3673 478 3761 Maximus,
503 3671 561 3744 lib.
581 3673 682 3759 Vttl,
700 3698 770 3770 cap.
789 3689 839 3755 IV,
856 3698 889 3741 n.
910 3693 951 3755 2,
971 3665 1010 3739 de
1026 3662 1214 3740 Alexandro

154 3793 272 3866 Fannii
286 3817 396 3876 servo;
421 3821 438 3853 o
453 3790 484 3860 A
499 3787 685 3885 judicibus,
701 3785 766 3871 ait,
784 3785 974 3869 damnatus,
992 3800 1056 3856 eta
1075 3784 1111 3857 L.
1137 3781 1215 3856 Cal-

160 3938 177 3968 »
197 3907 316 4005 purnio
335 3900 485 3975 triumviro
496 3900 531 3972 in
545 3927 671 3973 crucem
689 3916 780 3972 actus
796 3916 854 3972 est.
875 3898 1043 3971 »Tacitus
1060 3923 1212 3997 quoque,

157 4019 190 4090 in
208 4018 369 4114 Agricolae
386 4015 478 4102 Vita,
500 4043 569 4116 cap.
589 4042 628 4103 2,
646 4014 759 4090 eadem
775 4043 854 4090 voce
870 4014 905 4086 in
922 4015 1071 4090 eumdem
1086 4010 1214 4107 signifi-
