2768 4694
160 340 222 423 rad
479 341 517 404 P.
551 338 729 407 OVIDII
757 340 887 407 VITA

156 495 305 554 senatum
322 475 459 552 allectos
476 477 630 552 affirmari
645 479 778 579 nequit,
799 505 900 578 quum
917 493 950 550 et
972 473 1086 577 plures
1103 505 1146 552 ex
1161 506 1221 580 pa-

79 686 82 692 ,
156 596 260 670 triciis
275 595 408 668 suerint.

202 713 262 785 IV.
278 709 378 784 Hand
391 707 492 805 longe
501 709 614 783 abhoc
629 728 776 809 tempore
789 708 992 782 removendae
1005 726 1085 782 sunt
1093 708 1222 810 priores

159 824 268 900 Oo'dii
272 824 417 924 nuptiae,
434 822 474 897 de
488 823 613 923 quibus
624 824 695 922 ipse
707 823 807 895 Trist.
824 821 881 893 lib.
895 819 1018 911 IV,El.
1034 841 1082 910 x,
1092 849 1140 896 rs.
1155 819 1221 923 69:

320 972 398 1026 Perre
409 968 474 1022 milri
482 989 560 1036 puero
571 988 622 1023 nec
635 968 727 1038 digna,
743 988 792 1023 nec
805 968 874 1022 utilis
885 987 951 1020 uxor

353 1059 400 1113 Est
412 1058 472 1112 data
485 1078 491 1112 ι
505 1078 562 1128 quae
576 1071 679 1129 tempus
691 1059 830 1129 perbreve
843 1069 925 1128 nupta
935 1058 991 1113 tois.

157 1176 253 1249 Paene
275 1174 384 1247 adhuc
400 1201 485 1274 puer
502 1193 586 1258 erat,
605 1175 669 1247 hoc
684 1193 753 1262 est,
771 1176 885 1275 paucis
901 1192 975 1248 ante
1001 1176 1095 1248 aunis
1111 1179 1224 1278 pueri·

158 1293 236 1366 tiam
256 1319 422 1387 egressus,
440 1308 516 1385 toga
537 1291 624 1363 virili
649 1292 755 1364 suerat
774 1292 934 1380 indutus,
952 1292 1093 1400 necdum
1117 1311 1226 1393 tamen

150 1424 304 1511 sorentum
320 1424 390 1480 erat
402 1406 560 1506 adeptus,
575 1435 647 1514 quae
653 1422 727 1502 post
738 1422 784 1479 ter
794 1407 1016 1508 septenosflore
1026 1394 1236 1511 uuoosgeuns‘

161 1525 268 1607 vestit,
284 1539 323 1596 ut
335 1521 436 1595 babet
448 1521 643 1595 Macrobius
656 1532 679 1595 ¹.
694 1523 791 1597 Unde
805 1540 854 1596 est
868 1525 959 1624 quod
972 1525 1098 1600 Statius
1114 1525 1173 1600 lib.
1182 1529 1225 1614 V,

160 1637 248 1740 Sylv.
265 1665 306 1725 2,
319 1638 445 1711 borbum
459 1655 555 1712 vocat
568 1639 662 1734 signa
673 1638 789 1712 validae
791 1634 949 1742 jurentur,
970 1668 1072 1741 quum
1083 1639 1125 1715 ad
1139 1636 1228 1716 Cris·

159 1754 275 1855 pinum
296 1771 359 1829 xvl
377 1783 482 1829 annos
494 1773 611 1830 natum
624 1755 705 1853 (vid.
720 1784 804 1830 vers.
829 1759 887 1854 12)
902 1757 972 1830 hacc
988 1757 1075 1831 canit
1090 1784 1137 1832 vs.
1154 1755 1225 1831 lia:

354 1898 362 1956 ’.
377 1943 401 1956 ..
420 1902 548 1958 Nondum
561 1907 653 1958 valide
665 1903 713 1957 tibi
726 1903 798 1972 signa
806 1904 918 1972 juvente

325 1995 457 2063 irrepsere
468 1999 556 2060 genis,
571 2005 599 2048 et
611 1992 696 2048 adhuc
707 1992 786 2047 decor
797 1993 901 2063 integer
912 1994 968 2061 nvi,

208 2109 249 2178 V.
277 2108 391 2204 Quum
408 2109 449 2182 ad
467 2107 585 2183 alteras
602 2109 713 2182 statim
730 2109 895 2182 transierit
913 2109 1065 2210 nuptias,
1085 2139 1226 2211 quarum

162 2239 291 2321 tempus
308 2242 398 2296 certo
417 2223 551 2297 definire
563 2254 633 2297 non
649 2225 763 2311 datur,
782 2223 1021 2323 subjungamus
1039 2224 1136 2300 etiam
1153 2222 1232 2328 quae'

163 2337 203 2412 de
221 2336 272 2410 bis
289 2338 390 2410 habet
406 2339 544 2427 ibidem,
561 2366 643 2412 vers.
664 2366 705 2438 71
725 2364 732 2406 ε

328 2486 368 2541 11Ιί
380 2488 501 2542 successit
512 2528 519 2554 ,
532 2487 649 2555 quamvis
660 2487 716 2540 sine
730 2481 857 2554 crimine,
872 2488 982 2556 conium

356 2579 417 2633 Non
431 2589 520 2632 tamen
533 2578 560 2630 in
573 2588 665 2631 nostro
679 2577 756 2630 firma
768 2578 858 2631 sutura
871 2589 938 2631 toro.

163 2696 332 2770 Alterutra
348 2694 413 2769 fuit
427 2694 580 2767 Pholum
597 2692 674 2791 (alii
690 2721 750 2794 per
769 2696 797 2767 F
817 2695 986 2793 scribunt)
1005 2713 1094 2787 orta,
1112 2699 1228 2773 Amor.

166 2809 222 2883 lib.
242 2813 314 2896 Ill,
332 2811 425 2905 Eleg.
445 2828 511 2883 xnr
528 2809 601 2880 init.

330 2957 424 3025 Quum
436 2956 501 3008 mihi
513 2955 647 3023 pomiferis
658 2960 753 3027 conjux
766 2959 836 3012 soret
848 2970 905 3011 orta
918 2959 1041 3014 Phaliscis
1053 2980 1059 3023 ;

362 3045 462 3099 Moenia
474 3045 631 3115 contigimus
643 3049 723 3108 victa.
741 3048 867 3113 Camillo,
883 3049 945 3112 tibi3

137 3230 138 3235 ,
168 3163 290 3264 quibus
309 3178 418 3263 patet,
436 3189 589 3249 uxorem,
613 3191 678 3262 qua
695 3164 816 3236 comite
840 3162 874 3234 id
900 3166 1044 3264 suscepit
1065 3163 1147 3254 iter,
1165 3165 1230 3262 jam

168 3277 234 3349 sibi
258 3276 425 3348 dimissam
449 3274 572 3361 luisse,
597 3304 699 3375 quum
724 3275 759 3346 id
781 3276 843 3349 hac
868 3274 983 3369 Elegia
1006 3276 1229 3352 describeret:

171 3411 267 3491 atque
281 3391 362 3464 adeo
376 3391 416 3462 de
430 3389 522 3463 tertia
532 3391 691 3489 conjuge,
709 3419 782 3490 quae
793 3391 834 3463 ad
846 3392 919 3464 vitae
928 3389 1024 3464 linem
1038 3419 1142 3489 usque
1154 3420 1232 3490 per-

169 3506 303 3593 mansit,
324 3504 462 3600 intelligi
477 3507 601 3604 nequit.
626 3506 838 3579 Pholiscorum
856 3524 966 3580 antem
982 3504 1114 3579 nomine
1130 3506 1233 3606 pleri-

171 3653 234 3724 que
247 3621 284 3697 ει
298 3622 442 3722 antiquis
455 3621 617 3722 populum
634 3622 823 3717 intelligunt
837 3633 862 3709 ²,
877 3625 969 3722 cujus
986 3622 1143 3723 oppidum
1160 3625 1237 3699 Fe·

171 3739 239 3810 lerri'
253 3737 351 3811 fucrit
370 3735 509 3820 dictum,
527 3752 560 3808 et
584 3764 603 3807 a
629 3734 768 3809 Camillo
792 3755 1024 3837 expugnatum.
1050 3737 1104 3810 lbi
1130 3765 1233 3838 quum

171 3851 294 3923 Junom'
306 3850 426 3923 lestum
444 3865 477 3919 et
493 3848 591 3921 ludos
614 3848 867 3937 celebraverint,
886 3868 924 3924 ut
940 3853 1064 3924 Noster
1080 3868 1229 3937 enarrat,

206 4000 212 4026 ¹
233 3997 263 4047 ln
277 3998 370 4051 Somu.
381 3995 449 4064 Scip.
463 3993 505 4048 lib.
517 3997 545 4061 l,
560 4015 614 4065 cap.
627 3997 651 4048 o.

206 4079 216 4105 ²
236 4079 304 4133 Vide
319 4080 425 4133 Cellarii
438 4078 535 4159 Gepgr.
552 4078 641 4147 Autiq.
653 4077 697 4132 lib.
709 4077 752 4143 ll,
766 4096 853 4152 capp
