2768 4694
492 324 587 395 rur
610 327 642 392 J.
670 325 892 425 uussou.
1163 357 1225 425 ιη,

153 484 233 541 aute
242 467 406 540 Nostrum
415 464 586 539 mensibus
598 483 696 538 uatus
709 484 779 539 erat
794 474 803 504 ¹
818 494 826 553 ;
840 465 967 568 quippe
980 466 1038 567 qui
1047 467 1112 564 jam
1124 409 1224 544 decerir

155 583 237 656 vitoe
246 580 449 682 gerniacam!
466 607 585 667 mnus,
610 580 677 654 hoc
693 598 757 670 est,
776 582 965 656 vicesimum
982 583 1087 657 atatis
1104 613 1226 661 anuum

157 693 343 773 absolverat
354 725 363 770 :
374 693 476 771 Trist.
494 692 556 768 lib.
575 694 743 793 1v‚Eleg.
763 717 805 782 x,
821 726 904 773 vers.
921 697 963 769 31
985 716 1019 773 et
1033 700 1080 772 32
1096 732 1104 774 :

318 842 434 913 ,Ιιιῳο
443 840 539 896 &am
550 841 611 896 viter
621 840 703 897 irater
716 843 896 911 geminaverat
911 861 1011 909 annos,

351 933 449 1002 Quum
460 931 544 1003 perit,
555 941 585 987 et
596 932 660 1000 cupi
673 941 745 1001 parte
759 951 848 987 carere
863 933 925 987 mei.

207 1054 253 1126 ll.
280 1053 472 1150 Utrumque
489 1076 569 1122 vero
584 1048 719 1121 fiatrem
737 1077 806 1122 uon
823 1050 954 1153 videtur
977 1050 1154 1153 respicere,
1171 1055 1230 1129 sed

162 1167 323 1245 Ovidium
339 1165 441 1241 modo
456 1182 626 1252 uestrum,
643 1164 735 1264 quod
751 1164 876 1276 ibidem
892 1166 1086 1265 subjungit:

332 1309 459 1382 Cepimus
470 1321 498 1365 et
507 1321 603 1366 tenere
613 1313 712 1381 primos
723 1313 804 1367 etatis
816 1311 946 1376 honores,

164 1427 318 1531 prorime
332 1427 418 1503 enim
434 1455 571 1530 sequeus
587 1428 791 1516 versiculus,

319 1574 407 1646 Eque
418 1581 480 1630 w'rrt
492 1575 626 1647 quondam
639 1597 698 1646 pars
708 1581 788 1631 tribus
798 1595 851 1630 una
863 1576 914 1642 tui,

164 1692 263 1767 istum
275 1691 523 1793 interpretatur,
532 1711 566 1767 et
580 1720 666 1794 quos
677 1695 801 1766 Noster
810 1692 958 1767 honores
967 1690 1230 1769 inadolesccntia

163 1810 338 1898 sumserit,
363 1806 484 1891 clarius
510 1811 644 1884 iudicat.
672 1812 790 1911 Neque
812 1810 909 1884 ctiam
935 1827 1010 1884 aute
1031 1811 1144 1912 potuit
1165 1809 1229 1883 hoc

164 1926 363 2001 triumviratus
378 1954 513 2001 munere
529 1927 642 2023 fungi,
660 1955 758 2028 quam
772 1926 888 2022 viginti
898 1956 1004 2001 anuos
1014 1945 1109 2001 natus
1123 1942 1228 2014 esset,

165 2041 210 2114 uti
234 2040 276 2115 ad
299 2068 421 2114 anuum
443 2059 634 2140 sequentem
664 2041 883 2117 ostendemus.
910 2042 1023 2117 Jocosi
1047 2059 1156 2116 autem
1179 2039 1228 2117 iffi

167 2177 260 2247 suut,
280 2159 339 2260 qui
357 2157 425 2233 suis
442 2157 583 2232 adhunc
595 2157 705 2232 locum
717 2161 825 2247 uotis,
838 2189 899 2260 per
909 2161 1026 2260 primos
1037 2159 1164 2234 horum
1175 2159 1227 2234 in·

168 2272 316 2368 telliguut
334 2272 432 2346 etiam
449 2269 624 2344 ariditatem
641 2290 673 2348 et
691 2288 892 2372 questurum,
908 2274 1001 2373 quasi
1014 2274 1226 2368 magistratus

167 2388 216 2463 isti
225 2390 372 2489 primum
383 2386 647 2461 adolescentibus
661 2388 816 2461 darentur
827 2416 834 2472 ;
847 2415 948 2485 quum
963 2406 1070 2462 tamen
1083 2405 1227 2476 constet,

168 2517 365 2601 questurum,
392 2530 464 2603 que
482 2501 610 2602 primus
634 2519 702 2576 erat
717 2503 753 2574 iu
776 2517 892 2575 senatu
909 2500 1029 2595 gradus
1045 2528 1082 2574 ac
1104 2501 1228 2593 magis-

171 2635 291 2708 tratus,
303 2619 393 2694 haud
407 2637 480 2693 ante
498 2637 569 2692 xxv
584 2622 686 2694 aetatis
700 2648 822 2694 anuum
834 2617 970 2703 initum,
988 2614 1106 2711 exlege
1121 2615 1230 2691 annali
1281 2719 1283 2723 v

169 2733 271 2809 fuisse
288 2753 422 2831 gestam.
451 2738 496 2810 Ar
519 2739 605 2812 Naso
621 2754 735 2811 noster
759 2736 863 2810 latum
881 2732 1009 2809 clavum
1025 2751 1101 2808 aute
1118 2734 1227 2824 exuit,

172 2875 271 2950 quam
287 2847 386 2922 ullam
404 2849 437 2921 in
454 2867 566 2924 senatu
583 2850 776 2944 dignitatem
792 2848 932 2950 adeptus
945 2866 1047 2935 esset,
1065 2867 1166 2949 prout
1182 2848 1229 2923 iu·

171 2966 270 3041 serius
285 2966 357 3068 ipso
372 2983 536 3068 preeunte
552 2964 754 3038 docebimus.

562 3130 826 3156 W

278 3283 359 3335 Anno
372 3291 435 3335 ante
448 3279 481 3334 C.
492 3295 584 3342 xnu3
603 3277 639 3331 U.
656 3276 689 3331 C.
702 3290 837 3344 uccxxxr,·
851 3276 941 3333 Ovidii
958 3295 993 3331 xx
1008 3291 1036 3334 et
1049 3295 1104 3332 ιιι.

175 3421 202 3478 C.
216 3423 377 3478 CAESARE
390 3418 575 3477 AUGUSTO
588 3419 643 3487 xt,
661 3417 720 3475 (ΞΝ.
738 3417 960 3474 CALPURNIO
976 3416 1113 3474 PISONE
1131 3417 1231 3474 COSS.

218 3567 247 3636 1.
270 3568 437 3639 Nomium
453 3563 496 3637 ab
523 3561 659 3637 eruditis
677 3560 848 3636 definitum
871 3561 1060 3648 observavi,
1085 3561 1159 3660 quis
1181 3557 1236 3630 ille

175 3678 274 3754 suerit
293 3682 516 3765 triumviratus,
542 3708 610 3781 quo
627 3707 662 3756 se
678 3679 829 3755 sunctum
845 3678 925 3754 oiim
941 3707 1011 3754 esse
1038 3678 1137 3754 tradit
1154 3675 1236 3748 Ovi·

179 3792 276 3880 dius,
293 3821 388 3869 versu
403 3794 468 3891 jam
482 3793 583 3869 citato
598 3824 606 3868 ε

340 3940 420 4009 uque
430 3947 492 3996 ὠὴ
502 3940 636 4012 quendem
647 3960 707 4011 pers
717 3944 859 3996 trituram
871 3940 919 3995 tui.

210 4089 218 4118 ¹
239 4082 311 4136 Vide
323 4100 380 4152 sup.
394 4080 482 4136 auli.
493 4080 524 4137 (ζ
537 4096 632 4149 acen,
648 4102 675 4138 n.
685 4085 708 4137 3.
