2768 4694
165 276 234 396 ssu⁸
484 328 523 392 n.
562 326 746 396 ov1n11
775 318 915 396 vrrs

156 469 263 545 Marri
282 465 391 542 Ultori
404 464 562 567 templum
590 468 765 565 Augustus
790 495 852 541 suo
876 466 910 540 in
936 467 1022 540 Foro
1050 450 1226 549 dicaverat.

158 581 261 680 Quod
278 577 385 654 valide
403 579 616 655 confirmatur
632 611 672 656 ex
688 580 790 656 veteri
811 578 1001 655 kalendario
1028 588 1061 668 ¹,
1085 610 1156 683 qno
1182 585 1223 659 ad

155 698 306 775 eumdem
323 696 409 770 diem
427 698 497 772 hauc
513 698 708 793 signantur:
726 699 820 771 Lm).
839 699 960 770 Mtttr.
979 714 1017 770 tr
1035 714 1130 773 etue.
1154 704 1222 777 Nec

154 815 354 902 ibidem‚nec
364 812 438 887 aliis
448 811 712 888 kalendariorum
724 813 916 909 fingmentis
926 813 967 886 ad
979 809 1096 903 ullum,
1106 833 1226 916 prater

155 929 250 1005 illum
266 929 353 1004 diem
368 927 440 1003 ludi
457 947 617 1004 notantur
633 930 739 1003 Marri
754 929 847 1004 sacri.

203 1049 252 1120 Ut
267 1074 346 1119 vero
364 1044 591 1120 difficultatem
606 1047 669 1120 hac
685 1046 719 1120 in
736 1073 772 1121 re
785 1075 825 1120 ex
838 1043 966 1120 Velleio
979 1056 1103 1119 motam
1121 1045 1226 1122 solvat

154 1164 433 1241 eminentissimus
444 1165 599 1241 Norisius
613 1174 637 1252 ²,
648 1165 718 1239 haec
728 1165 862 1265 quidem
875 1163 996 1259 regerit
1009 1194 1016 1236 :
1033 1198 1051 1228 α
1064 1164 1225 1261 Quamvis

157 1315 175 1346 »
195 1279 364 1369 Velleius,
382 1279 526 1354 Caninio
551 1281 687 1354 consule
709 1279 902 1366 nominato,
921 1277 1081 1379 templum
1106 1280 1226 1355 Martis

158 1431 175 1461 »
197 1395 383 1469 dedicatum
398 1410 582 1482 recenseat,
599 1423 669 1468 non
686 1411 795 1467 tamen
813 1410 891 1494 post
907 1393 971 1465 Ital.
985 1392 1094 1468 Jut'm
1107 1391 1120 1433 ³
1135 1394 1227 1471 dedi·
1271 1474 1274 1479 ,

156 1546 174 1577 »
193 1509 280 1587 catio
297 1514 429 1610 peralta
447 1508 512 1584 luit
533 1538 541 1582 :
562 1537 640 1583 nam
657 1506 889 1604 gladiatorium
906 1527 1035 1584 tantum
1049 1536 1172 1586 munus
1186 1540 1225 1588 ac

157 1662 175 1693 u
196 1625 397 1700 Naumachia
414 1624 529 1700 eodem
552 1624 728 1700 consulum
744 1624 886 1722 collegio
909 1626 1094 1723 signantur,
1111 1629 1223 1706 addita

158 1760 313 1844 »postea
336 1742 452 1845 templi
477 1741 599 1817 Martis
615 1743 880 1833 consecratione,
896 1771 939 1817 ne
956 1773 1024 1819 rem
1050 1746 1119 1846 ejus
1142 1748 1222 1836 anni

159 1891 176 1921 »
198 1856 443 1931 memorandam
467 1856 619 1932 omisisse
639 1855 818 1931 videretur.
838 1890 857 1922 »
883 1859 931 1931 At
949 1886 1052 1959 quum
1073 1859 1155 1933 milui
1180 1863 1223 1936 sit

156 1998 370 2071 persuasum,
387 2000 423 2045 ea
441 1970 625 2071 spectacula
641 1970 841 2072 pertinuisse
857 1970 899 2043 ad
915 1970 1019 2072 ipsam
1038 1973 1152 2076 templi
1166 1975 1222 2050 d'e·

156 2088 371 2175 dicationem;
393 2088 468 2161 ideo
490 2087 555 2186 jam
581 2086 660 2159 olim
677 2085 778 2161 malni
794 2086 920 2173 dicere,
940 2087 1101 2164 Velleium
1121 2091 1221 2167 modo

154 2203 300 2279 voluisse
317 2233 354 2278 ea
371 2205 528 2303 temporis
542 2221 623 2277 nota
636 2202 738 2277 Jolr'oe
752 2200 1004 2298 relegationem,
1023 2205 1063 2279 de
1079 2237 1142 2309 qua
1157 2209 1220 2282 ltoc

155 2320 231 2396 loco
246 2321 411 2422 precipue
426 2321 509 2417 agit,
528 2320 677 2415 signare,
700 2346 737 2391 ac
756 2318 956 2415 siguificare,
973 2350 1043 2395 eam
1060 2341 1137 2423 post
1159 2324 1220 2400 ista

156 2437 341 2541 spectacula
360 2436 557 2532 contigisse,
576 2464 678 2536 quum
696 2462 815 2536 nempe
838 2436 904 2533 jam
922 2438 1093 2532 Augustus
1116 2470 1134 2513 a
1154 2441 1218 2515 lsol.

154 2556 228 2630 lut.
247 2555 298 2630 vel
313 2555 356 2628 al)
374 2553 446 2629 aliis
460 2553 723 2655 quibuscumque
740 2551 1023 2639 antecedentibus,
1041 2555 1219 2633 Caninium

156 2669 317 2766 collegam
332 2670 366 2743 in
378 2667 553 2744 consulatu
568 2664 727 2749 haberet,
743 2683 778 2739 at
795 2687 868 2740 ante
880 2666 1063 2766 Septembris
1075 2672 1218 2763 exitum,

157 2814 330 2887 quousque
347 2815 407 2886 per
422 2813 524 2859 uorem
540 2809 669 2856 menses
683 2782 891 2858 consulatum
909 2783 1073 2879 gessisse⁴
1090 2787 1221 2865 videtur

154 2902 338 2995 Augustus.
350 2903 435 2997 Qua
445 2898 672 2998 interpretatio
684 2927 821 3000 prorsus
830 2896 947 2974 Velleii
959 2905 1127 2977 contextui
1142 2932 1217 2978 con-

155 3033 307 3090 sentanea
319 3013 504 3102 videbitur,
521 3012 706 3090 siauimum
718 3014 822 3089 lector
833 3031 995 3089 attentum
1010 3017 1050 3090 ad
1065 3020 1215 3096 eumdem

153 3145 268 3202 vertat.

121 3231 122 3235 ¹
203 3238 312 3315 Aliam
325 3269 425 3342 porro
442 3238 666 3316 difficultatem
679 3241 795 3340 objicit
808 3240 894 3326 Dio,
910 3240 979 3315 haec
992 3242 1034 3316 ad
1046 3271 1099 3316 an.
1114 3248 1158 3320 U.
1174 3245 1213 3321 C.

188 3445 197 3475 ¹
216 3437 287 3492 Vide
299 3438 407 3492 Gruter.
417 3457 474 3509 pag.
489 3441 543 3495 1³3.
600 3499 612 3514 g

186 3537 199 3565 ²
217 3533 257 3587 De
274 3529 370 3584 Cenot.
383 3530 434 3584 Pis.
453 3548 510 3600 pag.
524 3533 578 3584 183.

186 3625 197 3658 ²
214 3625 238 3679 A
253 3622 345 3694 quibus
362 3620 489 3674 nimirum
504 3620 541 3674 lll.
556 3620 598 3676 ille
612 3623 654 3676 vir
669 3632 758 3678 censet
769 3625 888 3677 consules
898 3622 1032 3689 suffectos,
1047 3623 1085 3678 his
1104 3625 1216 3695 Augusti

156 3708 333 3779 temporibus,
345 3705 425 3760 fasces
439 3707 543 3775 gessisse
558 3717 709 3771 semestresr
727 3706 797 3778 quod
810 3709 838 3761 in
856 3710 993 3763 Fastorum
1005 3708 1156 3780 fragmentis
1168 3730 1215 3764 su·

155 3793 303 3862 perstitibus
317 3790 465 3857 rideamus,
482 3796 623 3848 nonnullos
631 3793 656 3846 id
666 3811 748 3863 genus
757 3793 876 3848 consules
886 3795 917 3848 als
929 3795 1021 3848 iisdem
1033 3794 1081 3848 tut.
1095 3796 1147 3848 Jul.
1159 3814 1216 3849 ma·

156 3876 292 3944 gistratum
303 3876 378 3930 inire.
394 3876 496 3929 Ver'um
507 3876 600 3931 exinde
616 3889 689 3932 certo
699 3876 809 3931 minime
819 3881 936 3947 sequitur
947 3918 954 3945 ,
967 3881 1103 3935 necetiam
1111 3878 1215 3933 aliunde

156 3960 296 4027 probatur,
312 3961 383 4014 hunc
397 3976 499 4012 morem
511 3959 617 4030 singulis
629 3968 781 4017 constanter
788 3965 862 4017 anuis
873 3963 1022 4019 obtinuisse.

189 4049 201 4083 ⁴
219 4050 289 4103 Vide
303 4050 365 4104 Jani
379 4050 539 4119 Templum,
560 4069 615 4119 pag.
630 4053 686 4121 327.
