2768 4694
69 1006 104 1069 Na

151 336 1216 371 mmmmm„

503 491 680 553 JOANNlS
701 492 869 556 MASSON

316 690 1068 837 DISSERTATIO

212 954 274 1027 DE
299 952 512 1060 ANTIQUO
536 953 684 1028 VElDll
709 954 957 1030 POLLIONIS
981 959 1162 1033 NUMMO

450 1166 560 1225 pontt
581 1169 665 1213 vlttt
686 1169 942 1216 cummium

289 1327 476 1383 PERPERAM
493 1330 622 1383 OVIDIO
640 1331 774 1386 NASONI
791 1333 1091 1390 anscmsnttattt.

547 1530 833 1562 *—

204 1789 228 1845 l.
244 1785 317 1858 Quae
330 1783 382 1842 hac
394 1782 429 1843 de
440 1804 471 1842 re
482 1781 551 1845 olim
563 1783 594 1842 in
609 1796 703 1861 poetae
716 1783 813 1859 vita¹,
829 1806 880 1865 per
891 1796 1070 1846 transennam
1080 1796 1110 1845 et
1122 1780 1224 1862 partim

164 1912 198 1951 ex
212 1890 382 1974 conjecturis
397 1888 712 1962 ratiocinationibusve,
728 1889 859 1951 adversus
871 1890 949 1950 viros
963 1889 1098 1951 maximos
1106 1903 1224 1951 notare—

164 2016 222 2054 ram
235 1995 299 2068 ,hic
309 2016 437 2056 seorsum
446 1993 516 2054 mibi
525 1995 699 2054 retractanda
708 1993 860 2068 ridentur,
874 2008 906 2055 ut
914 2017 990 2055 nunc
1001 1996 1114 2056 tandem
1124 1997 1224 2057 veritas

163 2101 277 2162 intuto
302 2121 464 2182 summaque
483 2099 547 2160 lnce
570 2099 750 2172 collocetur,
778 2110 928 2182 postquam
956 2100 1027 2162 illud
1052 2101 1226 2183 antiquitatis

164 2215 381 2265 monumentum
400 2226 477 2264 arne
497 2217 700 2282 conspectum,
722 2227 753 2265 ac
776 2205 810 2265 ad
831 2205 985 2266 accuratius
1007 2227 1122 2268 examen
1139 2228 1225 2268 revo-

166 2321 258 2370 catum
270 2309 334 2369 suit.

208 2418 248 2477 ll.
256 2417 390 2488 Scilicet,
407 2437 443 2475 ne
456 2414 550 2498 longis
561 2429 623 2476 utar
635 2415 813 2499 ambagibus,
826 2438 914 2498 quum
925 2420 1028 2479 Rornae
1037 2439 1089 2495 per
1101 2431 1226 2480 aestatem

167 2524 225 2585 An.
250 2543 326 2606 ¹7⁰9
345 2523 494 2604 degerem,
512 2521 633 2582 maximo
645 2522 725 2594 celo,
749 2544 800 2583 nec
821 2521 925 2582 minori
947 2542 1014 2583 cura
1031 2522 1226 2605 perquirebant

167 2651 203 2688 an
225 2628 405 2701 adhucdum,
435 2640 464 2688 et
483 2627 597 2688 ubinam
616 2639 720 2690 extaret
739 2628 788 2689 ille
808 2627 966 2700 Nummus,
994 2650 1078 2710 quem
1097 2641 1144 2690 tot
1162 2643 1227 2690 ante

167 2734 247 2794 annis
274 2733 379 2794 ibidem
402 2734 475 2811 apud
505 2733 546 2793 ill.
569 2746 724 2795 matronam
750 2734 886 2794 Felicium
913 2734 1124 2807 Roudom'nioe,
1145 2735 1227 2796 vide-

169 2854 248 2916 rant,
261 2842 460 2923 indeque,ccu
469 2840 566 2904 Ovidii
578 2841 701 2903 Nasonis
710 2863 817 2904 nomen
826 2862 859 2902 ac
869 2820 952 2919 capot
960 2864 1019 2919 prae
1030 2863 1060 2902 se
1070 2842 1224 2914 terentem,

170 2948 351 3030 vulgaverant
367 2947 420 3008 viri
442 2968 524 3024 supra
546 2946 640 3008 laudes
671 2947 757 3024 positi
777 2945 871 3007 Nicol·
894 2946 1047 3020 Heinsius,
1072 2958 1102 3006 ct
1125 2947 1229 3007 Ezecb.

170 3055 368 3136 Spunbemr'us.
393 3057 466 3116 llem
489 3055 529 3114 sic
549 3053 729 3136 investiganti
754 3052 893 3115 succurrit
916 3052 962 3113 ΕΙ.
989 3052 1026 3110 V.
1057 3052 1228 3112 Franciscus

78 3158 91 3186 ⁸
171 3161 368 3234 Blonclu'nus,
392 3173 452 3220 turn
469 3161 633 3222 camerarius
651 3159 793 3221 Clementi
809 3159 881 3219 llll.
898 3161 929 3220 Ρ.
945 3159 1146 3231 llonorarius,
1164 3180 1229 3216 nar-

170 3287 234 3327 rans
249 3269 324 3330 idem
335 3267 486 3330 Cimoliam
494 3276 566 3327 ‘tunc
577 3266 714 3343 temporis
727 3264 860 3326 asservari
871 3264 901 3323 in
909 3264 1020 3324 Musaeo
1033 3262 1131 3323 Emin.
1144 3263 1228 3323 Card.

131 3384 139 3393 “
171 3371 336 3446 Ottoboni,
350 3374 397 3434 cui
411 3394 426 3432 a
439 3372 553 3434 secretis
566 3372 651 3450 paulo
664 3382 729 3431 ante
740 3369 839 3430 fuerat·
848 3371 918 3430 Mox
930 3370 990 3450 ejus
1000 3368 1189 3439 humanitate,
1200 3379 1229 3426 et

171 3476 294 3554 ipsomet
303 3481 473 3553 comitante,
490 3477 643 3539 Nummum
654 3488 791 3548 tractans,
806 3474 899 3534 statim
908 3472 988 3535 facile
998 3472 1144 3552 perspexi,
1157 3470 1229 3531 nibil

171 3581 315 3642 dubitante
340 3584 427 3644 docto
451 3584 552 3645 eodem
573 3584 661 3657 viro,
688 3583 769 3643 illum
793 3601 889 3642 revera
913 3579 1064 3641 nebulonis
1085 3576 1229 3659 cujusdam

171 3687 266 3748 frande
282 3686 483 3762 adulteratum,
501 3699 588 3764 prout
607 3691 662 3770 jam
683 3699 747 3748 ante
770 3684 946 3771 augurabar,
970 3686 1075 3756 fuisse,
1100 3694 1128 3741 et
1153 3694 1230 3741 tanta

172 3791 285 3872 quidem
298 3791 455 3870 imperitia,
471 3805 504 3853 nt
516 3792 595 3871 plura
609 3805 793 3853 cernerentur
807 3791 918 3854 artificii
927 3789 1064 3870 vestigia,
1081 3786 1230 3847 nonnulli-

174 3917 228 3977 que
244 3909 421 3974 superessent
435 3899 611 3980 antiquarum
628 3898 783 3960 litterarum
805 3897 928 3967 ductus,
953 3914 1025 3974 quos
1045 3892 1153 3952 Buriuo
1162 3934 1172 3964 ,
1200 3904 1232 3950 ut

198 4079 216 4108 '¹
234 4077 294 4129 Vid.
306 4096 398 4148 supra,
412 4097 467 4147 pag.
484 4079 537 4133 156.
