2768 4694
94 357 96 360 >
163 327 224 411 os
484 306 526 395 r.
556 325 734 401 ovrnn
761 330 887 398 vrrs

159 464 278 552 tradit,
292 466 350 565 qni
363 465 404 538 ad
414 494 466 541 an.
480 469 522 540 U.
534 471 572 544 C.
583 462 779 554 bonnm,
791 467 883 540 addit
897 496 906 540 ε
923 466 1142 557 «Omnibus,
1155 470 1216 571 qui

161 612 179 645 o
199 578 435 680 quadringenta
451 583 599 658 sestertia
613 589 707 680 (diua
721 588 889 679 μυριάδων,
912 581 1037 657 scillcet
1051 580 1218 659 droedon-

161 729 178 761 o
196 724 283 783 rorr,
309 714 348 773 nt
369 698 493 799 optime
516 700 582 798 jam
609 699 735 774 dudum
754 699 804 774 Cl.
823 699 1039 774 Perizonius*¹
1055 700 1217 801 monuit)

159 844 178 874 ν’
198 813 407 912 possiderent
415 862 434 903 ,1
442 833 484 888 et-
497 816 620 916 quibus
635 816 844 911 magistratus
867 841 977 910 gerere
993 843 1054 915 per
1068 814 1159 912 leges
1174 815 1217 890 li-

161 959 179 990 »
197 946 300 1016 aeret,
310 955 437 1004 eorum·
445 931 670 1032 petendorum
690 921 886 1033 potestatem
902 930 1001 1005 dedit.
1017 932 1116 1004 Hunc
1129 930 1218 1006 enir'o

161 1075 179 1106 o
199 1045 398 1120 sonandum
415 1073 547 1122 censum
559 1057 621 1134 ,ort
640 1055 823 1130 Βουλευτικόν
836 1055 944 1141 τίμημα
952 1103 963 1134 ,
981 1046 1075 1146 prins
1092 1047 1217 1121 consti·

161 1184 179 1219 o
199 1168 329 1248 tuerat,
353 1163 581 1261 quemdeinde
599 1190 703 1264 usque
720 1152 762 1237 ad
775 1163 885 1237 decies
903 1161 1088 1236 sestertium
1101 1179 1219 1262 protu-

164 1307 179 1336 υ
198 1272 261 1364 lit:
281 1310 297 1340 »
314 1294 414 1375 atque
430 1278 526 1350 etiam
542 1268 712 1378 postremo
728 1280 770 1352 ad
787 1277 944 1352 duodecies
956 1277 1042 1350 H·S.
1062 1275 1120 1350 sen
1135 1277 1219 1353 ‹tuo-

159 1390 265 1467 decies
283 1409 416 1465 centena
431 1391 549 1479 millia,
565 1412 669 1493 prout
687 1395 867 1468 Suetonius
886 1403 898 1433 ²
916 1392 1048 1466 indicat.

207 1509 258 1579 Ex
276 1505 398 1606 quibos
416 1507 540 1609 liquet,
564 1508 613 1582 sas
642 1504 763 1583 Oridio
780 1507 881 1584 luisse
899 1526 979 1611 post
998 1505 1084 1581 bella
1111 1505 1220 1581 civilia

43 1644 49 1654 ¹
158 1621 281 1723 sopita
279 1622 339 1695 ad
352 1622 423 1696 baec
446 1653 559 1725 usqne
567 1642 736 1726 tempora,
752 1627 788 1698 in
795 1624 928 1726 quibus
944 1650 1127 1710 versamur,
1144 1629 1216 1695 roo-

153 1736 320 1835 gr'strotur,
341 1764 401 1837 per
417 1766 504 1838 quos
518 1739 562 1812 ad
580 1757 727 1813 senatum
741 1757 813 1812 erat
826 1739 950 1825 aditus,
968 1754 1094 1851 petere,
1111 1735 1215 1813 modo

158 1853 376 1954 quadringenta
390 1856 472 1928 mr'll'
444 1858 489 1928 bo
504 1856 668 1930 babuerit.
685 1859 771 1956 Quae
787 1883 993 1956 nequaquam
1011 1882 1040 1928 er
1028 1840 1215 1942 defuisse,

31 2048 40 2068 .
159 1968 275 2042 exinde
292 1969 445 2065 colligere
467 1990 556 2045 certo
579 2001 775 2073 possumus,
804 1971 895 2072 quod
920 1996 1033 2070 reapse
1056 1968 1092 2042 id
1113 1995 1217 2064 genus

159 2085 403 2179 magistratibus
414 2088 616 2178 sitsunotus,
632 2118 668 2164 ae
680 2088 1007 2163 lato'clavoindutus.
1016 2086 1216 2185 Quinetiam

157 2199 227 2273 baec
244 2200 353 2274 fuerat
376 2208 452 2282 ante]
477 2231 602 2278 summa
623 2232 740 2278 oeneus
763 2205 905 2302 equestn's
925 2232 964 2277 ex
988 2202 1059 2297 lege
1075 2202 1215 2288 Roscia,

158 2314 245 2389 sient
260 2315 309 2390 vel
326 2318 484 2391 Horatius
502 2320 597 2392 docet
614 2319 671 2392 lib.
690 2321 727 2407 l,
744 2323 807 2420 Ep.
827 2341 860 2407 1,
878 2349 959 2394 vers.
981 2322 1022 2419 57
1042 2350 1050 2392 ε

320 2461 350 2515 Si
361 2468 564 2531 quadringentis,
577 2485 637 2531 sax,
649 2474 750 2532 septem
760 2464 840 2517 millia
853 2465 962 2529 desunt,

319 2556 367 2609 Est
379 2557 482 2610 animus
496 2557 555 2622 tibi,
569 2565 630 2609 sunt
640 2574 742 2620 mores,
755 2566 781 2607 et
795 2554 897 2624 lingua,
910 2553 1041 2621 fidesque3

318 2648 393 2700 Plebs
405 2645 473 2710 eris,
487 2657 535 2700 eto

322 2738 441 2800 Roscio,
455 2736 496 2788 dic
508 2733 596 2799 sodes,
610 2732 704 2786 melior
713 2737 769 2795 Iex,
783 2753 816 2786 an
828 2751 971 2804 puerorum

321 2827 428 2890 Nauia,
447 2842 504 2893 qnae
518 2842 628 2892 reguum
640 2834 710 2877 reete
721 2824 876 2879 facientibus
889 2821 975 2877 offert

160 2947 227 3016 Nee
250 2942 321 3016 aliis
351 2940 503 3015 licebat
494 2966 529 3028 ru
557 2958 619 3013 xlv
637 2940 754 3015 theatri
769 2940 941 3014 ordinibus
959 2938 1088 3026 sedere3
1115 2969 1217 3041 quum

161 3078 245 3135 esset
255 3090 292 3134 ea
300 3061 365 3159 Iege
372 3058 488 3133 Roscro
496 3056 697 3131 decoctoribus
708 3072 804 3131 certos
814 3058 897 3130 locus
912 3057 1085 3131 constitutos
1092 3085 1219 3158 ‚-qoom

160 3177 203 3250 or‘s
215 3204 280 3280 pras
263 3178 421 3271 'sonora
437 3175 529 3260 or'trb,
545 3155 678 3249 dorsuo
689 3172 894 3249 decoroseff

208 3289 331 3387 Quod
327 3306 434 3363 tamen
450 3289 684 3384 Augustusne
699 3287 908 3388 temperavit,
926 3306 1000 3360 ut«
992 3315 1130 3386 ‹quum
1147 3284 1217 3388 ple-

166 3440 182 3471 »
201 3405 295 3506 rique
312 3404 477 3505 equitum,
496 3404 610 3478 attrito
628 3400 778 3476 civilibus
794 3400 891 3476 bellis
908 3400 1123 3500 patrimonio,
1145 3429 1220 3500 spe·
1261 3449 1264 3459 ·

167 3522 191 3585 n*
204 3539 295 3598 ctare
310 3519 409 3596 ludos
423 3549 440 3594 e
457 3514 702 3620 quatuordecim
718 3547 788 3591 non
808 3516 984 3605 auderent,
1009 3529 1098 3588 metu
1113 3542 1220 3614 poenae

195 3725 204 3755 ¹
221 3721 329 3774 Dissert.
342 3719 430 3772 Triad.
442 3739 466 3788 p.
482 3720 546 3788 174,
561 3717 606 3772 ubi
621 3717 747 3787 optimam
766 3714 923 3770 Suetonium
940 3731 1001 3767 cum
1020 3711 1108 3764 Dione
1127 3711 1221 3767 conei-
1270 3747 1277 3755 -

162 3807 242 3889 liandi
258 3803 418 3861 methodum,
428 3804 575 3873 proposuit,
588 3823 666 3873 quam
677 3812 764 3871 postea
782 3800 822 3854 Cl.
840 3800 958 3854 Graevius
968 3819 1015 3853 suo
1027 3797 1146 3869 probavit
1163 3796 1219 3852 eal-

163 3889 238 3954 enlo,
259 3890 320 3942 Not
333 3888 365 3941 ad
376 3887 449 3951 Suet,
464 3888 532 3955 Aug.
546 3906 600 3957 cap.
612 3889 651 3953 4¹·

194 3981 205 4010 ²
223 3978 253 4030 ln
266 3979 332 4048 Aug.
349 3995 402 4045 cap.
414 3981 453 4043 4¹·

196 4066 206 4097 ³
224 4066 318 4122 Cicero
326 4067 419 4136 Philip.
436 4065 469 4119 11.
