2768 4694
159 339 226 406 206
486 342 525 406 P.
556 340 740 407 OVIDII.
767 340 908 406 VITA

157 478 354 580 tandemque
375 476 619 554 Sarnothraaam
636 477 733 579 petiit
746 475 898 552 insula‘m.
912 479 992 553 Hoc
1003 479 1147 580 ipsemet
1160 510 1231 578 gm-

157 598 255 701 pbice
279 596 405 699 pingit,
424 598 525 671 Trist.
555 595 613 704 lib.
640 602 677 684 l,
695 596 789 692 Eleg.
809 616 868 684 lx,
888 597 948 671 ubi
974 596 1015 672 de
1035 600 1136 689 nari,
1166 630 1234 704 qne

160 712 362 790 Conbtdrbct's
372 712 507 813 pruinam
522 712 583 786 sibi
595 713 713 814 cogm‘ta
729 711 896 800 Ceochns,
918 712 982 802 ait,
999 743 1047 789 vs.
1072 714 1208 790 15-20:

322 861 393 931 Qua
405 860 485 916 simul
495 865 587 917 ‘Falto
595 882 665 918 marc
675 882 719 917 me
733 862 841 917 deduxit
854 864 881 916 in
893 866 999 928 Helles,

357 954 394 1008 Et
406 953 517 1025 tongum
530 955 604 1009 rentii
618 954 701 1008 limite
713 955 774 1009 tecit
785 955 853 1018 item

321 1044 453 1100 Fleximus
466 1046 493 1099 in
505 1046 599 1100 laevnm
611 1065 718 1113 cursus,
731 1057 759 1100 et
769 1046 802 1099 ab
813 1048 929 1100 Hectoris
940 1050 948 1078 ¹
963 1047 1027 1101 urbe

357 1137 491 1190 Venimus
502 1136 534 1189 ad
548 1147 638 1206 portus
649 1176 657 1203 ,
669 1138 764 1189 Imbrr'a
776 1147 862 1202 terra,
875 1147 941 1190 tuos.

324 1226 390 1283 Inde
405 1229 456 1282 levi
479 1239 561 1282 vento
572 1231 704 1282 Zenothc'a
716 1230 815 1280 ²Ir'tara
829 1238 920 1291 nacto,

363 1323 504 1373 Threiciam
515 1319 600 1389 tetigit
611 1318 676 1373 fessa
687 1320 776 1374 carina
787 1321 890 1374 Samon.

158 1441 214 1514 Ab
229 1439 292 1512 hac
309 1437 429 1511 deiude
446 1435 556 1511 insula
570 1435 784 1510 Samothracia
797 1438 921 1510 Noster
934 1463 1008 1509 cum
1019 1463 1106 1509 nova
1119 1466 1232 1513 rursus

158 1559 234 1631 navi
262 1557 297 1630 T
293 1556 407 1631 bracia
432 1553 530 1628 litora
548 1553 698 1656 adpulit,
727 1572 761 1627 et
780 1572 899 1656 postea
924 1554 1067 1654 pedibus
1090 1554 1154 1630 iter
1172 1585 1232 1658 per

159 1676 336 1761 Bistom'os,
352 1674 450 1749 istius
463 1672 610 1770 regionis
620 1673 786 1776 populos,
800 1672 889 1747 serit.
906 1673 1034 1747 Ibidem
1049 1673 1133 1748 euim
1149 1676 1232 1749 sub·

159 1794 287 1891 jungit,
305 1820 388 1865 vers.
406 1789 541 1865 21·23:

326 1940 414 1995 Saltus
426 1941 458 1994 ab
471 1943 522 1992 tac
531 1948 598 1993 terro
608 1939 695 2013 brevis
705 1948 744 1993 est
759 1941 884 2010 Tempyra
894 1939 1012 2008 petenti:

357 2036 417 2087 Hac
428 2031 567 2086 dominum
581 2041 702 2085 moreest
713 2031 756 2085 illa
768 2030 860 2096 (navis
872 2032 903 2098 a)
916 2041 1005 2084 secuta
1016 2047 1101 2084 sunm.

323 2127 393 2181 Nam
404 2123 471 2177 mihi
482 2127 615 2178 Bistomos
627 2122 724 2193 placuit
737 2122 804 2192 pede
818 2142 925 2192 carpere
938 2141 1049 2188 campas.

161 2247 316 2349 Tempyra
337 2269 478 2346 nempe,
497 2261 602 2344 prout
618 2270 657 2315 ex
681 2240 810 2341 aliquot
828 2241 925 2314 etiam
943 2239 1116 2313 codicibus
1142 2238 1231 2312 MSS

159 2359 351 2456 legendum,
368 2356 462 2432 locus
476 2375 545 2433 erat
562 2357 603 2430 ad
623 2356 658 2429 T
655 2354 769 2428 traco
786 2353 886 2440 litus,
911 2373 948 2428 ut
968 2352 1019 2427 vel
1038 2352 1126 2426 Livii
1137 2352 1232 2427 locus

160 2480 260 2555 modo
269 2478 434 2553 indicatus
445 2475 584 2578 probat:
596 2510 612 2539 «
625 2473 722 2562 Inde,
733 2473 798 2562 ait,
812 2471 1096 2558 AEuiorumlines,
1111 2488 1233 2573 praeter

194 2685 201 2714 ¹
220 2681 337 2734 Pessime
361 2679 485 2748 Ciosaros
504 2675 663 2747 legendum,
682 2680 716 2729 ab
727 2677 835 2730 Actorr's
850 2680 923 2739 arbe,
948 2685 1052 2740 censet,
1073 2694 1159 2744 quum
1177 2673 1232 2729 bnt

160 2767 240 2820 buerit
248 2767 275 2819 in
289 2770 364 2820 Elea
374 2765 446 2828 urbs,
457 2775 482 2816 at
493 2762 535 2816 illa
554 2762 675 2816 debuerit
687 2761 720 2815 ad
733 2761 856 2832 AEgaeurn
868 2781 941 2815 mare
954 2772 1038 2823 stare3
1053 2761 1119 2815 sicut
1132 2780 1164 2814 ex
1176 2769 1232 2814 toto

160 2861 244 2920 poetae
256 2859 379 2902 contextu
390 2845 490 2915 liquido
501 2856 585 2915 patet;
596 2865 732 2915 quumque
743 2846 887 2900 absurdum
899 2846 930 2900 fit
940 2865 1000 2900 curn
1014 2843 1124 2911 Ciosarm
1132 2844 1233 2908 dicere,

160 2931 288 2986 Ovidium
299 2953 313 2985 o
325 2933 384 2985 sinu
397 2929 567 2985 Corinthiaco
578 2942 673 3001 preter
684 2933 898 3002 Peloponnesum
907 2934 1049 3004 navigasse,
1061 2931 1105 2985 ubi
1112 2952 1169 3003 sup.
1182 2950 1233 2985 no·
1249 2983 1253 2993 ,

161 3017 280 3071 ravimus.
293 3017 345 3071 lsta
356 3032 420 3068 vero
431 3018 550 3067 Hectoris
558 3019 617 3068 orbs
628 3014 733 3070 videtur
743 3015 836 3069 eadem
850 3036 879 3070 ac
892 3019 981 3078 Iliam,
1000 3018 1074 3085 cnjus
1086 3016 1126 3070 ille
1138 3018 1228 3078 Beer,

159 3103 374 3165 conmemorat,
387 3099 457 3168 quod
470 3097 517 3152 'vel
533 3100 713 3168 Athenagoras
731 3100 808 3168 Apol.
828 3099 902 3153 docet
916 3120 922 3152 :
941 3093 996 3155 itt
1013 3105 1077 3167 too
1092 3093 1160 3159 inm
1172 3104 1230 3154 θεὶν

159 3169 246 3257 llerc'poe
256 3189 322 3249 λιγιί.
339 3179 420 3234 Unde
433 3191 486 3247 est,
500 3179 571 3249 quod
589 3183 685 3235 Hector
700 3182 727 3234 in
740 3185 869 3237 Iliensium
889 3183 1005 3235 nummis
1020 3190 1229 3252 repraesentetur.

162 3264 233 3318 Alias
244 3284 327 3332 quum
339 3268 431 3326 Iliam,
444 3266 523 3319 etiam
534 3284 652 3331 novum,
666 3265 764 3333 aliquot
777 3266 866 3319 stadiis
878 3267 963 3318 ahora
976 3268 1108 3319 maritima
1118 3266 1231 3331 abesset,

160 3350 212 3405 dici
223 3359 323 3419 potest,
339 3351 491 3420 Ophrym'am
503 3348 545 3403 bic
557 3369 571 3401 a
584 3358 661 3418 poeta
673 3349 832 3403 subindicari
844 3391 851 3415 ,
864 3349 933 3419 quod
948 3350 979 3401 ad
999 3369 1070 3402 mare
1089 3350 1187 3412 situm
1206 3361 1234 3404 et

161 3435 205 3488 ubi
219 3443 274 3486 erat
287 3436 371 3486 Lacus
384 3437 502 3486 Hectoris
509 3439 537 3485 ia
545 3438 600 3486 loco
609 3438 757 3500 conspicuo,
774 3434 860 3487 Strab.
872 3432 914 3487 lib.
927 3434 1011 3500 xltt,
1025 3454 1081 3503 pag.
1091 3437 1155 3506 889,
1167 3433 1233 3504 qnia

162 3527 189 3569 et
201 3517 227 3568 in
240 3515 318 3584 buius
330 3513 419 3583 oppidi
431 3514 548 3566 nummio
561 3513 673 3567 babetur
685 3516 802 3568 Hectoris
813 3527 899 3584 caput.
912 3515 1026 3584 Qualem
1040 3513 1155 3583 possidet
1171 3534 1231 3586 gara

160 3599 253 3653 illustr.
267 3595 382 3651 Comitis
394 3596 593 3664 Pembrochiae,
605 3609 653 3651 etc.

194 3696 207 3724 ²
224 3693 328 3746 Scilicet
341 3690 416 3744 litora
427 3693 623 3755 Samothracr'oeJ
637 3709 696 3759 que
707 3691 743 3745 sic
757 3690 912 3745 dicebantur
926 3689 1074 3761 aspelunca
1093 3690 1229 3759 quadam,

162 3782 295 3832 Zcriatdas
305 3778 429 3840 nornine,
442 3795 472 3828 ea
481 3776 507 3828 in
519 3777 602 3829 insula
612 3778 758 3831 Cabiroram
767 3778 896 3849 mysteriis
906 3788 1004 3831 sacrata
1017 3796 1024 3828 ι
1035 3776 1094 3829 vide
1106 3778 1230 3832 Bochart

160 3859 310 3929 Geograplr.
326 3859 396 3912 Sacr.
412 3869 479 3927 part.
492 3858 518 3910 11
527 3897 535 3923 ,
549 3858 591 3911 lib.
603 3873 633 3924 1,
649 3877 704 3928 cap.
724 3879 761 3910 ra.
775 3859 814 3911 Ut
833 3859 862 3911 in
877 3878 937 3911 vera
957 3860 1035 3928 hujus
1053 3858 1101 3912 loci
1115 3859 1228 3914 lectione

159 3940 260 3995 baerere
272 3940 342 3994 docti
350 3940 400 3993 viri
411 3958 466 3992 non
478 3939 625 3993 debuerint.
638 3940 713 4010 Quin
725 3950 753 3992 et
764 3940 790 3993 in
803 3943 932 3994 AEm’oraor
944 3940 1041 3995 finibus
1052 3941 1161 4011 Apollo,
1174 3943 1228 3995 Ze-

159 4031 277 4081 riathr'om
284 4047 354 4097 qoem
361 4031 562 4089 wcoatr‘rrcole,
573 4026 701 4097 templum
712 4025 817 4092 babuit,
830 4037 894 4081 teste
905 4028 995 4095 Livio,
1008 4029 1050 4082 lib.
1061 4029 1181 4084 xxxv!
1184 4028 1225 4094 ll,

159 4129 215 4179 cap.
228 4113 273 4176 41,
284 4111 359 4180 cujus
370 4111 457 4164 locum
468 4109 500 4164 cl.
519 4109 644 4163 Heinsius
655 4109 684 4162 in
696 4109 765 4163 notis
776 4108 883 4177 profert.
