2768 4694
169 338 225 406 68*
343 338 619 408 EXCURSUS
644 339 695 408 IN
721 340 899 409 OVIDII
925 338 1050 407 IBlN.

167 480 256 553 Hinc
273 479 455 580 Hesychius
473 487 633 581 Κινύφιον,
656 481 786 581 inquit,
810 488 859 554 τὸν
876 470 999 554 barnado
1019 487 1078 555 ἀπὸ
1096 487 1232 584 Κινύφου

165 609 219 671 τοῦ
239 608 370 691 ποταμοῦ
381 651 391 680 ,
410 598 539 671 tametsi
558 613 706 684 constet,
725 597 847 693 regiam
865 596 973 672 Antaei
990 598 1031 671 ad
1052 616 1233 675 extremum

165 715 335 789 Oceanum
362 712 463 786 luisse
488 741 496 785 ε
519 712 607 787 unde
628 729 782 814 apparet,
812 712 1013 814 Cinyphium
1040 713 1238 810 generaliter

164 830 250 903 snmi
263 857 325 929 pro
337 827 482 928 Libyco,
500 856 590 902 more
601 827 924 929 scilicetpoetarum,
939 827 1062 928 quibus
1075 829 1232 905 usitatum

160 943 317 1048 peculiari
334 944 433 1019 nnius
453 943 517 1018 loci
541 945 673 1018 nomine
690 961 794 1017 totam
819 942 988 1038 designare
1014 943 1229 1044 provinciam.

160 1061 276 1160 Neque
289 1087 365 1133 vero
380 1059 478 1133 refert
489 1059 579 1159 quod
591 1060 678 1146 Ibis,
693 1058 769 1133 licet
779 1059 974 1159 AEgyptius,
989 1058 1032 1132 ad
1046 1058 1231 1163 Cinypbem

161 1176 270 1251 editus
286 1175 430 1271 fingatur
448 1205 455 1248 :
476 1193 581 1276 poetar
598 1176 761 1276 siqnidem
778 1205 846 1250 non
863 1175 963 1250 semel
979 1176 1151 1272 regionum
1169 1205 1230 1250 no·

159 1291 306 1365 minibus
315 1306 454 1391 propter
467 1289 618 1363 viciniam
631 1289 827 1363 abutuntur.
845 1290 898 1364 Sic
910 1290 996 1363 enim
1010 1289 1228 1382 Claudianus,

159 1423 194 1479 et
211 1406 282 1504 ipse
296 1402 558 1491 Alexandrinus,
574 1404 631 1502 qui
642 1431 778 1476 uxorem
789 1405 823 1476 in
836 1405 943 1504 patria
956 1405 1104 1494 duxerat,
1116 1407 1230 1509 Libye

159 1514 380 1617 appellatione
394 1543 474 1590 usus
492 1533 563 1602 est;
583 1515 734 1615 idemque
753 1516 964 1607 Pelusiacas,
988 1537 1021 1593 et
1040 1520 1229 1621 Canopicus

160 1663 179 1708 a
193 1632 332 1706 Sidonio
345 1631 454 1706 dictus
466 1651 536 1720 est,
558 1661 660 1733 quum
671 1651 779 1707 tamen
789 1633 996 1710 Alexandriae
1008 1653 1105 1711 natus
1123 1655 1226 1723 essem

160 1751 207 1826 sic
223 1742 396 1824 Ausonius
413 1748 563 1822 scribens
581 1750 615 1822 in
632 1749 896 1852 Monosyllabis:

284 1898 438 1951 Threicium
450 1937 456 1965 ‚
471 1896 598 1967 Libycum
608 1894 691 1963 freta,
706 1897 935 1969 Cimmeriumque
944 1899 1011 1954 serat
1021 1902 1075 1956 bos.

157 2019 224 2092 Per
248 2016 397 2120 Libycum
417 2013 572 2109 intelligit
591 2015 771 2116 AEgyptum
786 2073 794 2103 ,
812 2034 851 2088 nt
868 2017 1011 2114 Scaliger
1028 2019 1222 2094 observavit.

159 2135 214 2208 sic
224 2136 324 2207 Persa
341 2160 401 2233 pro
415 2131 518 2204 Medo
534 2149 566 2206 et
583 2151 717 2205 contra:
737 2132 830 2206 sicin
848 2133 1022 2211 Catalectis
1038 2135 1223 2238 Galluspro

158 2249 340 2333 Britanno,
358 2264 493 2348 propter
510 2246 681 2346 utriusque
698 2247 804 2342 gentis
820 2249 1029 2325 vicinitatem.
1056 2254 1124 2337 lta,
1145 2282 1223 2352 quo

160 2366 249 2440 niam
275 2361 500 2437 Hadriaticum
518 2391 604 2436 mare
622 2363 719 2435 lonio
736 2364 963 2462 conjungitur,
981 2376 1054 2440 κατὰ
1069 2372 1222 2459 μετάδοσιν

157 2497 210 2560 τοῦ
235 2490 374 2575 ὀνόματος
392 2478 524 2551 Ionium
542 2475 744 2578 appellatur,
772 2497 805 2551 ct
828 2480 959 2552 lonium
982 2481 1123 2554 vicissim
1149 2485 1221 2555 Ha·

158 2599 348 2683 driaticum,
367 2613 405 2668 ut
423 2591 594 2694 Apollonii
612 2591 813 2666 scholiastes
829 2592 870 2666 ad
885 2595 1060 2692 Argonout.
1079 2591 1137 2667 lib.
1154 2597 1219 2683 lv,

158 2736 191 2791 et
205 2710 405 2789 Eustachius
423 2708 464 2780 ad
484 2706 638 2806 Dionysii
656 2707 842 2802 Periegesin
859 2725 985 2783 notant
1005 2709 1145 2784 Ovidius
1160 2740 1220 2785 au-

158 2849 224 2904 tem
242 2854 308 2925 quo
324 2827 606 2916 maurengolnvm'm
622 2818 709 2893 lbidi
727 2848 788 2893 suo
806 2821 1035 2920 exprobraret,
1054 2825 1145 2923 juxta
1163 2825 1218 2898 Ci-

156 2941 300 3043 nypbcm
318 2953 431 3010 natum
447 2936 570 3030 fingere
586 2933 667 3007 mibi
684 2935 829 3018 videtur,
848 2935 908 3008 nbi
924 2939 1143 3036 procerissimi
1160 2967 1218 3011 na-

157 3071 294 3131 scuntur
308 3048 415 3137 birci,
437 3048 494 3148 qui
512 3047 588 3121 inde
605 3046 764 3148 Cinyphii
781 3047 937 3121 dicuntur
952 3047 1054 3137 Silio,
1071 3049 1129 3124 lib.
1146 3053 1215 3140 Ill;

157 3169 321 3257 Martiali,
340 3167 397 3241 lib.
408 3169 470 3239 Vll
484 3224 493 3255 ,
507 3166 749 3266 Epigrammate
764 3166 799 3237 in
813 3162 949 3254 Linum
964 3166 1042 3241 item
1059 3168 1215 3263 Virgilio,

159 3289 275 3386 Georg.
290 3283 348 3358 lib.
367 3286 434 3371 lli,
453 3310 556 3381 quum
571 3280 639 3354 ait:

317 3431 373 3484 Nec
384 3428 471 3480 minus
482 3427 582 3480 interea
592 3425 699 3494 barbas,
712 3424 855 3494 incanaque
867 3435 955 3478 menta

321 3508 446 3580 Cinyphii
457 3506 570 3560 tondent
581 3506 653 3559 birci.
661 3545 681 3561 ..

155 3630 219 3705 Sed
235 3627 303 3700 baec
317 3625 477 3697 hactenus
490 3649 562 3721 que
575 3650 637 3721 pro
650 3620 826 3720 compertis
838 3650 906 3695 non
922 3622 1095 3708 tradimus,
1109 3621 1214 3697 donec

155 3771 253 3844 snper
267 3739 309 3812 iis
326 3737 438 3810 babila
455 3737 523 3808 sint
535 3734 720 3809 doctiorum
734 3732 877 3807 comitia.

332 3953 440 3999 stills
470 3949 665 3997 EXCURSUS
693 3949 732 3993 {N
761 3950 893 3994 ovlnll
922 3951 1017 3995 tuln.
