2768 4694
153 340 238 415 32⁰¹
481 337 879 411 DEDICATIONES

153 483 276 560 aat'brs
289 495 376 556 creto
386 480 519 582 pn'scr‘s,·
538 497 570 554 et
585 479 672 554 idem
686 508 694 551 :
711 476 810 552 Sacra
820 504 894 551 cano
908 478 1140 578 ...spumaque
1147 493 1216 551 tem·

151 631 232 706 pora
247 603 365 678 Fastis.
388 605 472 676 Nam
493 601 645 678 Isidorus
670 598 798 674 nnllam'
818 599 916 672 fidem
942 616 1104 687 meretur,
1129 601 1186 700 qni
1199 629 1215 675 a

156 724 315 812 fastibus,
338 724 373 798 id
400 742 464 813 est,
479 723 700 824 potestatibus
715 723 780 821 (ut
796 722 884 796 idem
900 721 967 820 ait)
980 721 1098 796 ovidii
1113 723 1216 797 Fastis

157 872 278 923 nomen
296 845 439 921 inditum
454 863 559 948 putat.
575 845 662 919 Sunt
676 862 785 919 antem
801 844 918 929 Fasti,
940 862 1073 919 auctore
1085 844 1216 930 Servio,

158 971 231 1046 libn'
239 969 354 1044 dierum
362 970 611 1070 computotrbnem
620 967 778 1053 hebentes,
790 967 850 1042 ubi
863 968 962 1065 (teste
971 951 1217 1069 Porphyrione)

157 1122 218 1196 per
235 1091 386 1168 consules
403 1120 563 1166 annorum
584 1118 756 1165 numerum
773 1088 984 1186 colligebant.
1015 1091 1091 1164 Erit
1113 1107 1218 1164 autem

158 1215 292 1320 plenior
300 1213 467 1300 diffinitio,
478 1214 505 1287 si
516 1215 695 1289 secundum
705 1216 868 1289 Acronem
880 1213 1065 1300 dixerimus,
1076 1246 1094 1278 «
1107 1215 1220 1288 Fastos

161 1376 179 1408 »
198 1368 267 1413 esse
284 1336 437 1421 annales,
453 1337 489 1409 in
507 1337 629 1437 quibus
642 1338 797 1412 memoria
813 1355 998 1438 temporum
1013 1336 1219 1425 continetur,

162 1496 180 1528 »ι
201 1462 324 1562 quique
339 1444 380 1532 ad
396 1459 740 1534 commemorationem
752 1460 936 1548 bonorum,
951 1486 1099 1532 rerumve
1113 1475 1219 1554 gesta·

161 1617 180 1649 »
200 1602 273 1656 rum
283 1581 408 1656 inventi
419 1580 574 1654 dicuntur
582 1581 714 1656 virtutis
724 1581 859 1656 indices.
873 1615 890 1646 »
905 1583 1022 1655 Horat.
1034 1580 1103 1674 ind
1113 1581 1216 1655 Carm.

156 1738 179 1772 .«
200 1707 298 1793 Tuas,
310 1704 469 1798 Anguste,
483 1704 620 1777 virtutes
633 1704 667 1776 in
680 1731 784 1778 rerum
794 1705 858 1777 Per
867 1703 983 1777 titulos
994 1729 1216 1803 memoresque

162 1860 180 1893 »
199 1828 316 1902 Fastos
333 1842 476 1900 aternet.
497 1859 515 1892 u
535 1825 626 1901 ldem
643 1827 679 1899 in
687 1826 808 1901 'eodem
826 1856 834 1898 ε
861 1859 878 1891 «
891 1827 969 1900 Non
987 1826 1067 1900 Coe
1081 1823 1217 1899 referent

31 2031 34 2036 .
162 1983 179 2015 »
196 1949 262 2047 jam
279 1947 341 2021 tibi
358 1975 528 2050 purpura,
544 1949 613 2023 Nec
628 1948 707 2023 clari
716 1948 844 2050 lapides
854 1966 1017 2051 tempora,
1035 1946 1217 2050 quesemel
1240 2026 1246 2054 1

161 2104 180 2136 a
201 2069 291 2146 notis
311 2070 444 2146 condita
464 2071 571 2144 Fastis
593 2069 732 2146 Inclusit
755 2071 898 2147 volucris
925 2070 1005 2145 dies.
1033 2103 1053 2136 s
1081 2069 1217 2172 Proprie

159 2191 260 2288 igitur
275 2191 364 2266 Fasti
380 2209 458 2266 sunt
473 2190 623 2280 annales,
642 2192 821 2269 secundum
840 2186 1025 2295 Sempronii
1041 2192 1217 2269 Asellionis

161 2314 369 2416 opinionem,
384 2315 426 2388 ab
441 2313 530 2389 Aulo
547 2314 653 2389 Gellio
667 2315 817 2390 traditam
829 2315 886 2390 lib.
905 2319 946 2404 V,
960 2315 1117 2392 Noctium
1132 2318 1219 2392 Atti-

160 2466 287 2528 carum,
307 2437 566 2514 additadierum
591 2439 844 2540 computatione.
868 2440 898 2512 li
922 2468 1025 2540 quum
1039 2469 1103 2542 per
1116 2456 1218 2515 annos

160 2561 311 2658 singulos
322 2561 559 2648 scriberentur,
576 2590 615 2635 ex
628 2591 695 2662 quo
708 2563 828 2635 Janum
842 2580 1008 2664 parentem
1020 2562 1132 2639 dixere
1144 2566 1218 2639 Fas·

160 2700 293 2770 torum,
317 2682 546 2756 tautummodo
571 2683 661 2785 quod
684 2683 806 2759 sactum
833 2714 964 2786 quoque
981 2716 1070 2761 anno
1092 2707 1217 2783 gestum

158 2821 262 2892 esset,
285 2804 583 2895 demonstrabant:
609 2835 749 2906 quorum
770 2807 920 2882 nonnulli
946 2809 1045 2884 veluti
1071 2811 1213 2900 funesti,

159 2924 243 2998 nihil
264 2944 382 3026 praeter
403 2929 536 3003 nomina
563 2927 736 3004 consulum
762 2952 1014 3027 suggesserunt,
1042 2952 1082 3008 nt
1106 2935 1214 3008 Livius

157 3047 282 3120 scribit.
300 3048 469 3124 Differunt
484 3069 593 3126 autem
609 3082 628 3126 a
641 3052 768 3131 diurnis
782 3056 873 3129 urbis
888 3059 984 3142 actis,
1003 3085 1075 3157 que
1092 3055 1140 3130 vel
1153 3057 1212 3129 bu·

157 3166 245 3240 milia
261 3170 484 3269 recipiebant,
499 3201 600 3274 quum
613 3177 720 3250 Fastis
734 3194 860 3250 tantum
874 3177 1011 3253 illustria
1025 3178 1213 3253 mandaren-

156 3304 221 3361 tur.
235 3289 332 3363 Unde
344 3290 426 3366 illnd
436 3292 573 3387 legimus
584 3296 671 3398 apud
682 3298 870 3373 Cornelium
882 3303 1049 3376 Tacitum:
1060 3300 1151 3374 «Nisi
1160 3300 1214 3374 cui

159 3441 176 3472 »
196 3406 298 3483 libeat
318 3410 491 3489 laudandis
509 3417 730 3495 fundamentis
748 3439 780 3494 et
801 3422 972 3511 trabibus,
998 3424 1073 3524 quis
1093 3421 1213 3497 molem

157 3563 175 3596 »
194 3532 426 3634 amphitheatri
442 3539 529 3637 apud
554 3567 702 3642 campum
727 3545 846 3618 Martis
869 3545 977 3619 Caesar
993 3562 1213 3632 exstruxerat,

156 3685 174 3718 »
194 3653 359 3729 volumina
374 3656 510 3758 implere
525 3690 649 3762 :quum
666 3693 704 3739 ex
725 3666 881 3762 dignitate
894 3667 1012 3769 populi
1027 3669 1214 3742 romanire·

155 3807 174 3839 a
193 3795 324 3875 pertum
341 3780 400 3866 sit,
419 3809 471 3855 res
489 3780 632 3859 illustres
656 3786 846 3878 annalibus,
871 3789 948 3864 talia
971 3790 1099 3864 diurnis
1125 3791 1214 3864 urbis

155 3927 175 3962 o
194 3898 277 3972 actis
299 3899 462 3975 mandare.
487 3935 505 3968 »
538 3906 641 3981 lidem
673 3912 832 4003 (anctore
861 3913 1057 4010 Prisciano)
1086 3914 1213 3988 Fastia

154 4018 249 4093 fastis
264 4020 383 4099 diebus
399 4026 560 4103 nominati
576 4051 676 4123 sunt;
694 4062 762 4108 non
778 4036 855 4137 qnia
870 4037 963 4127 sesti,
978 4038 1044 4112 boc
1061 4054 1130 4125 est,
1152 4035 1211 4109 diis
