2768 4694
176 375 214 417 rs
461 354 501 420 P.
533 353 717 422 OVlDll'
736 355 959 426 NASONIS

176 487 413 592 Camilicisque
427 521 540 582 manu,
559 491 685 595 populo
701 493 894 596 plaudente,
914 497 1067 590 treberisj
1092 541 1095 545 ·

222 607 412 709 Infixusque
429 610 496 685 tuis
514 610 647 685 ossibus
664 640 769 688 uncus
786 613 858 687 erit.

175 722 261 821 lpsae
276 738 307 795 te
325 721 471 819 fugient,
490 752 561 825 que
579 743 720 826 carpunt
737 727 868 814 omnia,
885 726 1044 803 flammae:

226 840 376 942 Respuet
391 841 533 917 invisum
547 843 635 942 justa
651 843 788 918 cadaver
802 845 935 919 bumus.
1198 887 1246 942 170

177 952 359 1048 Unguibus
375 973 408 1030 et
425 975 535 1031 rostro
552 957 664 1032 tardus
682 958 788 1031 trahet
803 958 858 1031 ilia
875 958 1009 1048 vnltnr;

224 1071 271 1143 Et
284 1070 435 1148 scindent
452 1073 553 1148 avide
569 1072 697 1175 perfida
709 1073 808 1150 corda
824 1103 931 1149 canes.

177 1184 296 1285 Deque
313 1205 372 1263 tuo
387 1186 460 1277 fiet,
479 1189 557 1264 licet
571 1191 633 1264 huc
650 1190 697 1265 sis
711 1190 807 1265 laude
827 1193 1010 1295 superbus,

4 1315 10 1345 ²
69 1368 75 1379 ,
104 1388 108 1393 ,
225 1303 477 1378 Insatiabilibus
494 1332 632 1405 corpore
649 1305 718 1378 rixa
736 1305 834 1406 lupis.

82 1500 86 1508 ¹
176 1418 216 1491 ln
232 1417 303 1491 locs
316 1420 360 1493 ab
377 1418 501 1521 Elysiis
518 1419 645 1495 diversa
662 1420 818 1516 fugabere
833 1423 978 1523 campis3
1202 1444 1248 1516 195

227 1535 387 1634 Quasque
406 1552 497 1608 tenet
513 1535 606 1610 sedes
622 1536 720 1609 noxia
738 1534 856 1624 turba,
876 1533 979 1609 coles.

181 1647 344 1751 Sisyphus
362 1667 412 1725 est
430 1649 499 1724 illic
516 1679 630 1725 sarum
648 1650 847 1752 volvensque
866 1667 1071 1752 petensque;

229 1765 366 1869 Quique
384 1767 492 1863 agitur
509 1767 632 1868 rapide
649 1766 779 1841 vinctus
796 1765 838 1840 ab
855 1766 938 1840 orbe
956 1783 1059 1840 rotae:

183 1878 334 1982 Quaeque
351 1899 471 1977 gerunt
486 1882 633 1958 humeris
649 1881 814 1983 periturus
829 1879 962 1955 Belides
977 1879 1103 1969 undas,

230 1995 365 2072 Exsulis
384 1998 539 2100 AEgypti,
558 1999 825 2086 turbamenta,
844 2026 958 2072 nums.
1204 2021 1251 2073 iso

185 2114 289 2188 Poma
306 2132 401 2216 pater
416 2114 550 2216 Pelopis
567 2116 740 2218 prasentia
759 2115 893 2216 quaerit,
912 2132 945 2189 et
961 2113 1050 2189 idern

236 2231 372 2334 Semper
389 2251 482 2330 eget,
500 2233 636 2335 liquidis
651 2260 781 2336 semper
797 2231 945 2307 abundat
961 2231 1074 2332 aquis;

182 2347 432 2452 'lugeribusque
450 2381 567 2426 novem
586 2351 645 2453 qui
662 2377 811 2424 summus
826 2347 928 2423 distat
943 2347 986 2422 ab
1005 2348 1093 2436 imo,

236 2463 435 2566 Visceraque
453 2465 588 2541 adsidue
606 2464 717 2541 debita
733 2464 859 2566 praebet
872 2463 933 2538 ari.

188 2576 254 2651 Hic
272 2577 334 2652 tibi
350 2578 390 2653 de
406 2581 517 2655 Furiis
533 2580 659 2657 scindet
675 2581 762 2655 latus
779 2608 845 2653 una
859 2575 1007 2674 flagello,
1189 2607 1192 2613 ·
1209 2595 1256 2650 185

240 2698 288 2769 Ut
303 2694 434 2771 sceleris
450 2725 606 2772 numeros
626 2696 799 2771 confiteare
817 2695 889 2768 tui:

193 2811 307 2886 Altera
322 2812 487 2888 Tartareis
503 2831 612 2888 sectos
628 2813 721 2888 dabit
735 2813 901 2909 anguibus
918 2828 1029 2899 artus;

193 3010 297 3080 pultum
309 3023 417 3077 essent,
435 3011 557 3082 peculiari
570 3010 702 3082 siguifica—
749 3010 801 3065 vid.
810 3012 889 3065 Pont.
897 3008 924 3061 ll
934 3047 942 3073 ‚
954 3009 1076 3077 Elepxt,
1090 3023 1155 3057 vers.
1169 3005 1209 3069 do.
1220 3003 1259 3055 H.

193 3090 264 3144 tione
274 3089 518 3157 pmli'cs'dieuntuu
534 3088 620 3144 Cicer.
632 3089 702 3144 lib.1
786 3089 839 3159 176.
861 3089 977 3154 Quasque
992 3094 1064 3138 tenet.
1079 3083 1177 3134 Tenen!
1186 3081 1258 3134 idem

195 3168 327 3221 'l'usculan
343 3187 349 3222 ι
364 3190 378 3215 «
395 3169 495 3223 Durior
513 3167 664 3238 Diogenes,
676 3178 704 3221 et
750 3167 836 3222 Servii
847 3164 943 3230 codes,
955 3173 982 3215 et
997 3161 1081 3231 prima
1093 3158 1181 3212 editio.
1194 3160 1231 3212 Η.

196 3243 224 3299 id
242 3246 349 3315 quidem
368 3247 501 3314 sentiens,
521 3255 551 3299 ut
570 3244 702 3318 Cynicus,
786 3247 841 3299 181.
859 3244 939 3296 Pom
948 3250 1023 3307 pater
1035 3241 1143 3304 Pelopei.
1159 3238 1259 3290 Tanta·

196 3323 327 3391 asperius,
341 3321 433 3392 projici
448 3342 476 3376 se
493 3322 677 3384 inhumatum
689 3343 703 3367 ¹·
751 3323 791 3376 lus
803 3322 924 3391 dignatus
933 3319 1054 3373 Deorum
1066 3336 1171 3383 mensa,
1184 3315 1260 3372 Jovis

198 3399 261 3453 Seu.
281 3400 363 3470 Epist.
381 3402 414 3473 93
435 3419 441 3452 :
461 3423 475 3447 ι
496 3399 588 3468 Quem
608 3399 705 3454 seritis
752 3401 859 3474 mystica
878 3397 985 3470 protulit
1003 3395 1163 3451 mortalibus.
1178 3394 1261 3449 Unde

197 3478 353 3546 projecerit,
367 3476 706 3532 dieseondeentraGmis
753 3479 822 3548 apud
839 3477 935 3532 inlesos
947 3495 1001 3530 esse
1018 3474 1114 3527 meruit
1126 3472 1215 3526 sitiens
1230 3471 1260 3523 iu

199 3561 363 3633 ἰξερῥιμμίνος.
753 3556 826 3625 aquis
845 3555 885 3609 ori
906 3551 1084 3608 adlabentibus
1101 3568 1107 3601 :
1124 3571 1138 3594 s
1155 3548 1260 3617 Querit

234 3635 442 3704 respersusque
453 3639 504 3687 tuis
516 3637 616 3687 ossr‘bus
627 3651 707 3686 sucus
755 3653 834 3703 squas
853 3634 882 3687 in
900 3633 992 3703 aquis,
1014 3639 1043 3683 et
1064 3646 1142 3698 poma
1162 3627 1263 3697 fugacis

197 3710 708 3777 erit.Putolauce'bus.Gutturienimin·
754 3722 839 3782 captat
857 3711 1007 3764 Tantalus:
1032 3707 1082 3759 boe
1101 3704 1137 3757 illi
1161 3703 1264 3775 garrule

200 3791 349 3862 figebantur
360 3792 441 3857 unci,
457 3791 553 3859 quade
567 3811 594 3844 re
608 3790 708 3845 dictum
755 3792 843 3860 lingua
855 3789 935 3843 dedit.
946 3812 959 3835 ιι
974 3789 1044 3839 ΖΛιι.

200 3871 322 3926 nonnihil
347 3872 439 3923 Amor.
461 3870 504 3922 lib.
521 3870 552 3937 l,
570 3871 643 3940 Eleg.
659 3885 707 3937 vr,
792 3872 845 3935 184.
859 3870 1009 3936 Wsceraque
1018 3868 1131 3919 adsidue.
1142 3865 1264 3918 Adsidue

201 3969 237 4002 vs.
254 3951 293 4004 ab.
306 3950 407 4003 Huius·
756 3952 801 4001 sei
810 3945 891 4001 scribe
904 3964 964 3997 eum
979 3944 1048 3997 libris
1060 3943 1179 4012 antiquis.
1195 3939 1230 3991 H.

237 4050 290 4098 ¹7²·
305 4032 386 4082 Avidi
401 4046 484 4080 canes.
503 4028 592 4079 Aside
609 4026 710 4079 Mureti
793 4028 845 4096 187.
857 4028 985 4078 Tartareis
994 4029 1123 4092 unguibus.
1132 4019 1264 4084 Anguibus

203 4117 232 4161 et
242 4105 327 4160 Servii
338 4107 439 4162 codices
453 4125 459 4159 ι
472 4102 509 4159 sic
520 4122 586 4173 ssepe
600 4104 711 4167 Noster3
758 4103 846 4159 Jureti
857 4103 954 4172 codex,
966 4114 993 4158 et
1003 4101 1079 4158 multi
1089 4109 1198 4151 vetem·
1212 4095 1249 4148 H·
