2768 4694
161 331 220 419 19⁸
480 326 519 430 n.
547 323 742 391 oV1u11
773 324 912 391 vrrs

320 473 419 527 Felices
431 473 526 539 umbo,
538 472 745 542 tempestiveque
756 471 866 542 sepulti,

354 563 425 617 Ante
438 562 509 616 diem
522 582 605 632 poenre
617 563 685 633 quod
698 564 799 634 periere
812 562 892 616 mee!

321 655 369 708 Me
383 673 488 724 quoque
499 653 619 719 felicem,
635 655 706 724 quod
718 674 773 707 non
785 655 933 708 viventibus
943 652 992 708 illis

349 745 417 800 Sum
429 746 524 808 miser,
542 756 569 799 et
582 746 614 800 de
626 746 752 816 mequod
765 745 873 799 doluere
885 745 968 800 nihil!

155 877 255 948 Suam
267 874 455 974 verofilium
469 874 504 946 in
517 872 631 947 Africa
646 891 716 947 tum
728 872 848 961 fuisse,
867 872 983 973 prodit
994 871 1098 946 Trist.
1115 870 1178 947 lib.
1190 876 1224 961 l,

156 989 248 1087 Eleg.
269 1009 333 1077 111,
348 1017 431 1064 vers.
448 1016 498 1091 '¹9
515 1007 547 1063 et
563 1015 634 1063 20:

317 1149 398 1201 NATA
411 1146 502 1215 procul
512 1148 618 1217 Libycis
629 1144 718 1198 aberat
729 1143 830 1198 diversa
840 1144 888 1198 sub
899 1150 951 1197 orris
962 1161 972 1208 ‚·

353 1238 410 1290 Nec
421 1247 523 1307 poterat
533 1235 581 1290 lati
594 1237 691 1290 certior
700 1254 754 1289 esse
767 1237 828 1288 mei.

157 1379 206 1450 Ea
220 1377 376 1450 nimirum
393 1404 468 1450 cum
486 1377 605 1449 marito
624 1375 706 1465 fuit,
727 1377 784 1476 qui
801 1377 863 1448 hac
880 1374 915 1448 in
932 1373 1101 1476 provincie
1116 1372 1229 1477 aliquo

156 1493 359 1587 fungebatur
374 1520 530 1583 munere,
547 1492 647 1567 nobis
677 1492 810 1593 quidem
832 1493 971 1588 ignoto,
999 1490 1058 1565 sed
1077 1491 1172 1591 quod
1187 1491 1229 1563 ad

136 1600 139 1606 ¹
159 1611 357 1684 senatorium
377 1612 526 1686 ordinem
543 1611 765 1714 pertinuerit,
783 1611 812 1684 si
833 1611 874 1686 de
889 1609 955 1682 hoc
976 1619 984 1649 ¹
1004 1608 1147 1684 Nasonis
1170 1638 1229 1704 ge·

98 1736 102 1741 “
159 1755 242 1801 nero
257 1728 301 1801 sit
314 1726 550 1823 intelligendus
564 1728 686 1802 Seneca
700 1737 713 1766 ²
729 1759 737 1802 ε
755 1762 772 1792 «
789 1731 828 1802 ln
847 1745 983 1816 senatu,
1001 1726 1129 1827 inquit,
1143 1725 1228 1800 fleu-

160 1876 178 1910 »
200 1861 265 1917 tem
278 1842 421 1917 vidimus
430 1845 548 1918 lidum
563 1843 774 1934 Cornelium,
791 1844 935 1918 Nasonis
951 1871 1116 1939 generum,
1131 1860 1191 1917 ete.
1207 1879 1225 1909 »

157 1962 213 2035 An
227 1959 339 2035 eadem
354 1961 455 2035 suerit
468 1962 597 2035 Pentloe
609 1961 745 2036 nomine
758 1961 859 2049 dicta,
873 1988 951 2034 mox
965 1960 1008 2034 ad
1020 1989 1145 2035 aunum
1159 1990 1226 2063 seq.

158 2075 353 2151 videbimus.

114 2285 119 2293 1
207 2190 330 2289 Quoad
347 2189 462 2265 Ovidii
483 2191 636 2292 conjugem
660 2189 774 2264 ordine
792 2188 920 2262 tertiam
939 2219 976 2263 ae
994 2189 1165 2278 ultimam,
1194 2218 1229 2264 ea

159 2336 227 2381 non
246 2305 346 2379 modo
362 2333 436 2378 eum
456 2303 515 2378 illo
531 2334 612 2379 seros
623 2306 795 2405 pennnnnl
811 2307 842 2377 io
855 2334 966 2392 nunus,
989 2325 1022 2379 et

354 2451 486 2506 Sustinuit
498 2453 698 2521 conjuxersulu
708 2469 762 2504 esse
780 2452 827 2505 viri
838 2451 865 2516 ³;

159 2580 216 2656 sed
234 2597 268 2655 et
282 2580 436 2655 maritum
458 2579 493 2652 in
511 2577 661 2652 exsilium
677 2597 789 2652 secuta
811 2578 948 2668 suisset,
972 2581 1001 2655 si
1017 2608 1078 2681 per
1094 2609 1171 2657 eum
1191 2580 1231 2656 li-

159 2697 298 2784 cuisset,
314 2696 416 2768 Trist.
434 2692 492 2766 lib.
511 2696 542 2781 l,
557 2692 651 2788 Eleg.
667 2711 728 2782 111,
742 2722 825 2768 vers.
845 2692 983 2767 81-88:

324 2852 386 2904 Non
400 2860 473 2919 potes
485 2847 558 2902 avelli
572 2868 578 2902 :
590 2847 684 2915 simul,
698 2849 747 2903 ah!
759 2850 837 2905 simul
847 2850 959 2918 ibimus,
973 2851 1078 2920 inquit;

355 2943 394 2996 Te
410 2960 519 3009 sequar,
533 2950 560 2993 et
570 2943 668 3007 conjux
678 2942 770 2995 exsulis
782 2941 852 2996 exsul
865 2962 926 3009 ero,
940 2953 989 2997 etc.

321 3034 396 3088 Talia
408 3034 540 3097 tentabat,
551 3033 587 3086 sic
599 3045 625 3086 et
640 3045 785 3089 tentaverat
796 3043 872 3096 oute,

355 3124 458 3194 Vixque
471 3124 544 3177 dedit
556 3125 635 3178 victas
646 3126 757 3179 utilitate
770 3144 880 3191 manus,
894 3134 942 3178 etc.

158 3242 327 3344 Integmm
344 3249 416 3345 lege
433 3277 579 3336 carmen,
598 3268 636 3324 ut
653 3251 763 3325 videas
782 3269 925 3351 quantus
944 3251 1057 3326 Ovidii
1074 3249 1227 3350 proficis·

161 3367 266 3440 centis
285 3397 321 3440 ac
338 3395 473 3439 suorum
489 3366 600 3441 luctus
614 3367 820 3466 gemitusque
834 3368 951 3455 suerit,
969 3367 1024 3442 illa
1038 3366 1228 3442 tristissima

157 3501 273 3571 nocte,
294 3511 367 3583 quae
386 3485 510 3557 Nostro
527 3511 718 3582 supremum
735 3500 864 3584 tempus
879 3488 913 3559 in
928 3486 1010 3560 urbe
1024 3484 1097 3559 luit.

205 3603 265 3674 lx.
287 3603 356 3674 Nec
375 3600 472 3674 etiam
491 3599 546 3672 hic
561 3598 757 3692 omittenda,
777 3629 849 3698 quae
865 3600 906 3674 de
924 3602 992 3675 suis
1008 3601 1153 3677 Ovidius
1165 3600 1229 3674 sub

159 3717 243 3813 sugae
268 3736 399 3819 tempus
423 3715 581 3817 operibus
603 3715 727 3816 prodit.
746 3717 833 3788 Tum
852 3717 962 3792 Musis
978 3719 1083 3793 iratus
1099 3737 1228 3794 TRANS-

191 3918 198 3945 ¹
218 3915 262 3967 Bis
274 3916 346 3967 enim
360 3921 442 3981 nupta
455 3910 521 3975 luit;
533 3911 584 3965 vid.
599 3931 655 3982 sup.
668 3932 725 3983 pag.
740 3917 793 3980 154.

187 4008 197 4034 ²
217 4005 257 4056 Ad
271 4006 421 4068 Serenum,
435 4021 490 4070 cap.
506 4022 533 4070 17
546 4022 555 4068 ,·
568 4003 620 4057 vid.
632 4023 688 4073 sup.
701 4024 757 4075 pag.
774 4006 827 4060 126.

190 4094 199 4124 ³
216 4095 295 4148 Trist.
307 4094 349 4147 lib.
364 4093 417 4161 lv,
433 4093 506 4163 Eleg.
520 4109 551 4160 x,
566 4113 632 4147 vers.
646 4095 686 4164 74.
