2768 4694
498 349 594 465 l’ER
618 350 649 413 J.
678 343 900 414 MASSON.
1166 346 1227 412 185

164 509 267 593 prout
281 488 434 591 deinceps
452 516 493 565 ex
505 486 677 590 prioribus
693 485 894 561 carminibus
909 480 1017 585 palam
1031 481 1109 574 fiet)
1127 483 1230 583 siqui·

165 608 240 682 dem
260 607 302 682 de
321 606 480 697 Romano
499 603 643 705 loquens
666 622 784 688 nanta,
805 629 926 702 quem,
954 596 1012 672 ubi
1029 596 1171 697 primum
1189 598 1231 671 ad

165 728 310 800 Pontum
334 720 515 825 adpulerit,
532 750 567 797 se
583 722 653 795 fore
669 722 948 816 interrogatorum
969 715 1034 803 ait,
1052 716 1122 789 hac
1148 716 1230 789 sub-

161 840 271 940 jungit
286 867 369 914 vers.
391 836 503 930 45-48
520 867 528 910 :

326 1015 368 1080 ls,
381 1030 491 1080 pretor,
504 1007 607 1063 auditos
618 1009 698 1078 possit
710 1028 815 1063 narrare
828 1008 975 1079 triumphos
1098 1012 1101 1018 '

361 1102 485 1167 (ἰωὴ,
498 1112 525 1155 et
537 1101 612 1153 Latio
623 1100 726 1154 reddita
739 1112 799 1154 vota
811 1100 889 1153 tovi:

324 1194 437 1264 Teque,
449 1197 609 1251 rebellabit,
623 1191 748 1259 tandem,
763 1195 913 1254 Germania,
935 1191 1024 1262 magni

362 1285 448 1339 Triste
460 1295 534 1354 caput
544 1282 654 1353 pedibus
666 1284 828 1352 subposuisse
839 1289 928 1338 duce's:

167 1423 293 1526 quibus
312 1425 444 1500 nonnisi
470 1427 649 1501 Germaniae
675 1425 887 1502 rebellionem
916 1428 980 1500 boc
1008 1452 1095 1498 anno
1121 1424 1163 1494 U.
1191 1422 1229 1495 C.

168 1556 310 1613 Deduxit
331 1539 398 1639 jam
418 1539 531 1615 adulto
551 1541 741 1628 excitatam,
759 1571 824 1642 qua
849 1540 892 1615 V
885 1568 958 1615 urus
983 1567 1057 1614 curn
1087 1535 1228 1611 exercitu

164 1657 263 1758 periit
282 1666 304 1746 ¹,
316 1657 483 1755 designare
496 1661 586 1733 Naso
599 1659 728 1760 potuit;
743 1688 843 1759 quum
854 1659 956 1733 aban.
971 1660 1013 1745 U.
1026 1660 1064 1732 C.
1080 1673 1224 1740 nccttx,

165 1802 232 1874 quo
248 1802 312 1876 pax
327 1802 401 1849 cum
420 1775 668 1850 Marcomannis
692 1764 796 1861 sacta,
816 1775 857 1847 ad
873 1774 963 1848 bunc
979 1802 1084 1876 usque
1105 1799 1227 1848 annum

165 1887 254 1965 nulla
273 1890 513 1967 Germanorum
531 1889 671 1967 rebellio
687 1891 777 1992 apud
795 1890 984 1965 Historicos
1008 1905 1228 1972 memoretur;

166 2022 279 2107 atque,
296 2006 411 2080 Tacito
429 2016 442 2047 ²
459 2025 560 2096 teste,
580 2042 598 2073 «
617 2007 745 2081 bellum
762 2036 799 2083 es
813 2024 1003 2110 tempestate
1020 2003 1147 2080 nullum
1163 2002 1228 2076 nisi

170 2155 187 2185 »
204 2122 359 2196 adversus
378 2123 561 2197 Germanos
580 2142 769 2227 supererat,
788 2125 994 2200 absolvenda
1015 2123 1119 2219 magis
1143 2121 1229 2195 insa·

170 2269 185 2300 u
204 2237 276 2311 miae
295 2239 340 2312 ob
359 2239 517 2310 amissum
534 2267 608 2313 cum
625 2239 792 2338 Quintilio
810 2243 900 2313 Varo
915 2241 1112 2327 exercitum,
1129 2268 1228 2339 qnam

163 2381 184 2416 >›
204 2351 358 2452 cupidine
373 2351 561 2451 proferendi
578 2353 725 2452 imperii,
743 2372 804 2428 etc.
820 2387 836 2418 »

211 2469 319 2565 Igitur
334 2469 385 2543 vel
397 2456 475 2542 binc
489 2486 632 2556 constat,
647 2471 804 2545 Ovidium
812 2484 886 2571 post
899 2469 941 2541 V
935 2471 1071 2544 onbnum
1086 2465 1226 2551 cladem,

155 2613 233 2657 non
254 2610 332 2655 vcro
354 2599 441 2668 ante,
466 2601 505 2657 ut
521 2608 690 2684 perperam
708 2584 748 2660 cl.
766 2583 924 2671 Norisius
945 2581 1125 2657 autumavit
1144 2579 1177 2666 ³,
1194 2580 1228 2652 in

157 2696 320 2774 exsilium
333 2699 459 2772 abiisse.
475 2697 609 2777 Etenim
623 2699 651 2773 si
662 2702 783 2785 Noster
796 2730 885 2776 anno
898 2702 940 2774 U.
962 2701 999 2775 C.
1016 2716 1161 2786 neem,
1176 2726 1228 2771 re·

159 2814 297 2910 legatus
312 2814 444 2901 fuisset,
460 2835 498 2889 ut
516 2813 725 2899 doctissimus
738 2816 793 2903 ille
809 2818 859 2892 vir
875 2816 1045 2904 censebat,
1060 2817 1118 2917 qul
1134 2817 1223 2889 Naso

163 2933 332 3034 potuisset
342 2933 494 3035 proximo
513 2963 585 3009 vere
599 2928 657 3007 illa
670 2930 825 3024 scribere,
839 2932 1031 3036 bellumque
1049 2930 1132 3006 illud
1146 2931 1227 3005 Ger-

166 3049 349 3138 manicum,
365 3048 552 3149 predictam
566 3046 692 3123 cladem
705 3046 936 3141 subsecutum,
955 3048 1156 3123 memorare?

213 3169 271 3240 lv
302 3168 514 3263 Argumentis
532 3195 598 3267 pro
615 3183 729 3240 nostra
752 3167 911 3243 sententia
936 3165 1205 3241 militantibus
1180 3195 1226 3240 src

169 3283 235 3359 susc
262 3283 430 3370 deductis,
457 3283 511 3356 bic
528 3281 757 3365 discutiendus
779 3301 936 3391 superest
951 3309 1038 3356 nnus
1060 3298 1117 3356 aut
1145 3280 1228 3355 alter

165 3400 252 3500 apud
273 3405 432 3477 Nostrum
457 3399 571 3488 locus,
590 3428 688 3530 quem
709 3384 856 3495 Scaliger
875 3397 959 3472 male
976 3398 1073 3473 suit
1063 3414 1226 3497 interpre-

166 3529 274 3599 tatus,
290 3543 327 3588 ac
350 3515 538 3590 Nor-isius
528 3543 563 3588 m
588 3513 757 3615 opinionis
785 3540 852 3588 sna
874 3530 1024 3586 tutamen
1047 3510 1224 3586 advocavit.

170 3625 309 3702 Ovidius
330 3630 484 3705 nimirum
512 3658 622 3720 suam,
649 3626 934 3730 qna'deportatus
952 3645 1016 3716 cst,
1036 3628 1161 3701 aeta'tem
1180 3622 1226 3696 sic

170 3741 342 3831 describit,
359 3746 625 3848 utpmirquoffl'atu
641 3763 770 3821 tantum
785 3772 891 3818 annos
908 3761 980 3818 tuni
996 3742 1060 3818 sibi
1076 3752 1227 3840 peractos

200 3937 208 3966 ¹
228 3930 299 3985 Vide
312 3932 374 3986 tani
385 3934 472 4004 templ
483 3936 574 3992 lister.
588 3938 658 3994 Sect-
670 3938 721 4003 lV,
731 3958 785 4008 esp.
797 3955 868 4007 rm,
880 3957 937 4009 pag.
949 3940 994 4011 ³9¹
1006 3974 1014 4003 ,
1032 3938 1087 3998 401.

199 4027 210 4056 ²
228 4024 324 4077 annal.
336 4024 379 4077 lib.
391 4025 422 4090 I,
436 4043 489 4095 cap.
503 4029 526 4082 3.

200 4114 210 4147 ³
224 4118 266 4171 De
281 4115 377 4172 Cenot
391 4117 444 4172 Pis.
455 4134 511 4188 pag.
523 4137 579 4173 ποι.
