<?xml version="1.0" encoding="UTF-8"?>
<!DOCTYPE html PUBLIC "-//W3C//DTD XHTML 1.0 Transitional//EN"
    "http://www.w3.org/TR/xhtml1/DTD/xhtml1-transitional.dtd">
<html xmlns="http://www.w3.org/1999/xhtml" xml:lang="en" lang="en">
 <head>
  <title>
</title>
<meta http-equiv="Content-Type" content="text/html;charset=utf-8" />
  <meta name='ocr-system' content='tesseract 3.04.00' />
  <meta name='ocr-capabilities' content='ocr_page ocr_carea ocr_par ocr_line ocrx_word'/>
</head>
<body>
  <div class='ocr_page' id='page_1' title='image "./publiiovidiinas02massgoog_0086.png"; bbox 0 0 2768 4694; ppageno 0'>
   <div class='ocr_carea' id='block_1_1' title="bbox 106 326 1176 879">
    <p class='ocr_par' dir='ltr' id='par_1_1' title="bbox 106 326 1176 879">
     <span class='ocr_line' id='line_1_1' title="bbox 565 326 1174 425; baseline -0.01 -31"><span class='ocrx_word' id='word_1_1' title='bbox 565 326 708 394; x_wconf 76' lang='lat' dir='ltr'>v1ns.</span> <span class='ocrx_word' id='word_1_2' title='bbox 764 382 766 386; x_wconf 13' lang='grc' dir='ltr'><em>Α</em></span> <span class='ocrx_word' id='word_1_3' title='bbox 1133 334 1174 425; x_wconf 75' lang='lat'>77·</span> 
     </span>
     <span class='ocr_line' id='line_1_2' title="bbox 275 460 934 533; baseline 0 -15"><span class='ocrx_word' id='word_1_4' title='bbox 275 462 329 518; x_wconf 80' lang='lat' dir='ltr'>Seu</span> <span class='ocrx_word' id='word_1_5' title='bbox 340 480 425 533; x_wconf 70' lang='lat' dir='ltr'>genos</span> <span class='ocrx_word' id='word_1_6' title='bbox 437 460 569 530; x_wconf 78' lang='lat' dir='ltr'>excutias,</span> <span class='ocrx_word' id='word_1_7' title='bbox 582 462 683 532; x_wconf 86' lang='lat' dir='ltr'>equites</span> <span class='ocrx_word' id='word_1_8' title='bbox 694 462 726 516; x_wconf 76' lang='lat' dir='ltr'>ab</span> <span class='ocrx_word' id='word_1_9' title='bbox 736 462 837 532; x_wconf 74' lang='lat' dir='ltr'>origine</span> <span class='ocrx_word' id='word_1_10' title='bbox 849 463 934 532; x_wconf 79' lang='lat' dir='ltr'>prima</span> 
     </span>
     <span class='ocr_line' id='line_1_3' title="bbox 305 553 881 624; baseline -0.007 -15"><span class='ocrx_word' id='word_1_11' title='bbox 305 554 395 624; x_wconf 85' lang='lat' dir='ltr'>Usque</span> <span class='ocrx_word' id='word_1_12' title='bbox 406 573 455 624; x_wconf 87' lang='lat' dir='ltr'>per</span> <span class='ocrx_word' id='word_1_13' title='bbox 466 553 622 607; x_wconf 85' lang='lat' dir='ltr'>innumeros</span> <span class='ocrx_word' id='word_1_14' title='bbox 634 554 800 608; x_wconf 81' lang='lat' dir='ltr'>inveniemur</span> <span class='ocrx_word' id='word_1_15' title='bbox 813 573 881 608; x_wconf 79' lang='lat' dir='ltr'>eros.</span> 
     </span>
     <span class='ocr_line' id='line_1_4' title="bbox 106 668 1176 773; baseline 0.001 -24"><span class='ocrx_word' id='word_1_16' title='bbox 106 671 347 749; x_wconf 78' lang='lat' dir='ltr'>Patrimonium</span> <span class='ocrx_word' id='word_1_17' title='bbox 362 671 445 745; x_wconf 85' lang='lat' dir='ltr'>satis</span> <span class='ocrx_word' id='word_1_18' title='bbox 460 668 606 771; x_wconf 84' lang='lat' dir='ltr'>amplum</span> <span class='ocrx_word' id='word_1_19' title='bbox 620 670 774 745; x_wconf 82' lang='lat' dir='ltr'>habuisse</span> <span class='ocrx_word' id='word_1_20' title='bbox 791 688 938 760; x_wconf 85' lang='lat' dir='ltr'>constat;</span> <span class='ocrx_word' id='word_1_21' title='bbox 955 670 1047 773; x_wconf 92' lang='lat' dir='ltr'>quod</span> <span class='ocrx_word' id='word_1_22' title='bbox 1060 672 1103 748; x_wconf 80' lang='lat' dir='ltr'>ab</span> <span class='ocrx_word' id='word_1_23' title='bbox 1119 702 1176 750; x_wconf 89' lang='lat' dir='ltr'>eo·</span> 
     </span>
     <span class='ocr_line' id='line_1_5' title="bbox 106 785 691 879; baseline -0.007 -16"><span class='ocrx_word' id='word_1_24' title='bbox 106 790 203 879; x_wconf 90' lang='lat' dir='ltr'>dem,</span> <span class='ocrx_word' id='word_1_25' title='bbox 218 789 254 862; x_wconf 91' lang='lat' dir='ltr'>in</span> <span class='ocrx_word' id='word_1_26' title='bbox 270 788 398 876; x_wconf 89' lang='lat' dir='ltr'>Ponto,</span> <span class='ocrx_word' id='word_1_27' title='bbox 417 787 465 861; x_wconf 88' lang='lat' dir='ltr'>sie</span> <span class='ocrx_word' id='word_1_28' title='bbox 478 785 667 862; x_wconf 69' lang='lat' dir='ltr'><strong>ostenditur</strong></span> <span class='ocrx_word' id='word_1_29' title='bbox 683 815 691 859; x_wconf 91' lang='lat'>:</span> 
     </span>
    </p>
   </div>
   <div class='ocr_carea' id='block_1_2' title="bbox 273 931 953 1281">
    <p class='ocr_par' dir='ltr' id='par_1_2' title="bbox 273 931 953 1097">
     <span class='ocr_line' id='line_1_6' title="bbox 273 931 903 1004; baseline -0.006 -14"><span class='ocrx_word' id='word_1_30' title='bbox 273 936 335 991; x_wconf 85' lang='lat' dir='ltr'>Non</span> <span class='ocrx_word' id='word_1_31' title='bbox 347 955 423 989; x_wconf 86' lang='lat' dir='ltr'>meus</span> <span class='ocrx_word' id='word_1_32' title='bbox 435 935 542 988; x_wconf 79' lang='lat' dir='ltr'>amissos</span> <span class='ocrx_word' id='word_1_33' title='bbox 553 934 658 987; x_wconf 80' lang='lat' dir='ltr'>animus</span> <span class='ocrx_word' id='word_1_34' title='bbox 669 931 800 987; x_wconf 76' lang='lat' dir='ltr'>desideret</span> <span class='ocrx_word' id='word_1_35' title='bbox 811 953 903 1004; x_wconf 70' lang='lat' dir='ltr'>agros,</span> 
     </span>
     <span class='ocr_line' id='line_1_7' title="bbox 307 1023 953 1097; baseline -0.009 -14"><span class='ocrx_word' id='word_1_36' title='bbox 307 1029 433 1096; x_wconf 79' lang='lat' dir='ltr'>Rursque</span> <span class='ocrx_word' id='word_1_37' title='bbox 446 1026 556 1097; x_wconf 72' lang='lat' dir='ltr'>Peligno</span> <span class='ocrx_word' id='word_1_38' title='bbox 567 1024 752 1094; x_wconf 84' lang='lat' dir='ltr'>conspicienda</span> <span class='ocrx_word' id='word_1_39' title='bbox 762 1023 818 1078; x_wconf 87' lang='lat' dir='ltr'>soio</span> <span class='ocrx_word' id='word_1_40' title='bbox 831 1044 838 1078; x_wconf 75' lang='grc' dir='ltr'><em>τ</em></span> <span class='ocrx_word' id='word_1_41' title='bbox 951 1084 953 1090; x_wconf 48' lang='grc'><strong>,</strong></span> 
     </span>
    </p>

    <p class='ocr_par' dir='ltr' id='par_1_3' title="bbox 275 1115 926 1281">
     <span class='ocr_line' id='line_1_8' title="bbox 275 1115 926 1190; baseline -0.009 -14"><span class='ocrx_word' id='word_1_42' title='bbox 275 1122 333 1176; x_wconf 86' lang='lat' dir='ltr'>Nec</span> <span class='ocrx_word' id='word_1_43' title='bbox 343 1139 410 1190; x_wconf 90' lang='lat' dir='ltr'>quos</span> <span class='ocrx_word' id='word_1_44' title='bbox 420 1117 555 1188; x_wconf 71' lang='lat' dir='ltr'>pomiferis</span> <span class='ocrx_word' id='word_1_45' title='bbox 567 1117 664 1187; x_wconf 88' lang='lat' dir='ltr'>positos</span> <span class='ocrx_word' id='word_1_46' title='bbox 676 1115 704 1169; x_wconf 92' lang='lat' dir='ltr'>in</span> <span class='ocrx_word' id='word_1_47' title='bbox 717 1116 824 1171; x_wconf 86' lang='lat' dir='ltr'>collibus</span> <span class='ocrx_word' id='word_1_48' title='bbox 835 1117 926 1172; x_wconf 83' lang='lat' dir='ltr'>hortos</span> 
     </span>
     <span class='ocr_line' id='line_1_9' title="bbox 311 1207 853 1281; baseline -0.009 -16"><span class='ocrx_word' id='word_1_49' title='bbox 311 1211 417 1281; x_wconf 81' lang='lat' dir='ltr'>Spectet</span> <span class='ocrx_word' id='word_1_50' title='bbox 427 1209 562 1264; x_wconf 76' lang='lat' dir='ltr'>ttaminie</span> <span class='ocrx_word' id='word_1_51' title='bbox 575 1207 686 1262; x_wconf 81' lang='lat' dir='ltr'>Claudia</span> <span class='ocrx_word' id='word_1_52' title='bbox 698 1209 787 1276; x_wconf 79' lang='lat' dir='ltr'>juncte</span> <span class='ocrx_word' id='word_1_53' title='bbox 798 1209 853 1262; x_wconf 76' lang='lat' dir='ltr'>vie.</span> 
     </span>
    </p>
   </div>
   <div class='ocr_carea' id='block_1_3' title="bbox 111 1325 1174 1427">
    <p class='ocr_par' dir='ltr' id='par_1_4' title="bbox 111 1325 1174 1427">
     <span class='ocr_line' id='line_1_10' title="bbox 111 1325 1174 1427; baseline -0.001 -22"><span class='ocrx_word' id='word_1_54' title='bbox 111 1336 200 1406; x_wconf 90' lang='lat' dir='ltr'>Item</span> <span class='ocrx_word' id='word_1_55' title='bbox 217 1330 352 1404; x_wconf 88' lang='lat' dir='ltr'>domum</span> <span class='ocrx_word' id='word_1_56' title='bbox 374 1357 440 1402; x_wconf 93' lang='lat' dir='ltr'>non</span> <span class='ocrx_word' id='word_1_57' title='bbox 463 1326 559 1423; x_wconf 79' lang='lat' dir='ltr'>longe</span> <span class='ocrx_word' id='word_1_58' title='bbox 576 1358 595 1402; x_wconf 82' lang='lat' dir='ltr'>a</span> <span class='ocrx_word' id='word_1_59' title='bbox 613 1325 780 1427; x_wconf 87' lang='lat' dir='ltr'>Capitolio</span> <span class='ocrx_word' id='word_1_60' title='bbox 806 1357 814 1399; x_wconf 75' lang='grc' dir='ltr'><strong><em>ε</em></strong></span> <span class='ocrx_word' id='word_1_61' title='bbox 838 1327 887 1400; x_wconf 83' lang='lat' dir='ltr'>ait</span> <span class='ocrx_word' id='word_1_62' title='bbox 908 1327 994 1401; x_wconf 89' lang='lat' dir='ltr'>enim</span> <span class='ocrx_word' id='word_1_63' title='bbox 1022 1328 1056 1400; x_wconf 89' lang='lat' dir='ltr'>in</span> <span class='ocrx_word' id='word_1_64' title='bbox 1074 1328 1174 1404; x_wconf 78' lang='lat' dir='ltr'>&#39;frist</span> 
     </span>
    </p>
   </div>
   <div class='ocr_carea' id='block_1_4' title="bbox 116 1443 422 1540">
    <p class='ocr_par' dir='ltr' id='par_1_5' title="bbox 116 1443 422 1540">
     <span class='ocr_line' id='line_1_11' title="bbox 116 1443 422 1540; baseline -0.01 -21"><span class='ocrx_word' id='word_1_65' title='bbox 116 1443 177 1519; x_wconf 88' lang='lat' dir='ltr'>lib.</span> <span class='ocrx_word' id='word_1_66' title='bbox 194 1447 227 1532; x_wconf 93' lang='lat' dir='ltr'>I,</span> <span class='ocrx_word' id='word_1_67' title='bbox 244 1443 336 1540; x_wconf 79' lang='lat' dir='ltr'>Eleg.</span> <span class='ocrx_word' id='word_1_68' title='bbox 356 1461 422 1517; x_wconf 85' lang='lat'>111:</span> 
     </span>
    </p>
   </div>
   <div class='ocr_carea' id='block_1_5' title="bbox 278 1586 1012 1750">
    <p class='ocr_par' dir='ltr' id='par_1_6' title="bbox 278 1586 1012 1750">
     <span class='ocr_line' id='line_1_12' title="bbox 278 1586 1012 1660; baseline -0.001 -17"><span class='ocrx_word' id='word_1_69' title='bbox 278 1590 355 1644; x_wconf 81' lang='lat' dir='ltr'>Hane</span> <span class='ocrx_word' id='word_1_70' title='bbox 364 1606 413 1660; x_wconf 65' lang='lat' dir='ltr'>ego</span> <span class='ocrx_word' id='word_1_71' title='bbox 423 1588 566 1658; x_wconf 70' lang='lat' dir='ltr'>suspiciens</span> <span class='ocrx_word' id='word_1_72' title='bbox 576 1628 584 1655; x_wconf 93' lang='lat'>,</span> <span class='ocrx_word' id='word_1_73' title='bbox 595 1599 624 1642; x_wconf 88' lang='lat' dir='ltr'>et</span> <span class='ocrx_word' id='word_1_74' title='bbox 635 1588 667 1641; x_wconf 76' lang='lat' dir='ltr'>sd</span> <span class='ocrx_word' id='word_1_75' title='bbox 679 1587 734 1642; x_wconf 68' lang='lat' dir='ltr'>hoc</span> <span class='ocrx_word' id='word_1_76' title='bbox 748 1586 1012 1658; x_wconf 77' lang='lat' dir='ltr'>Capitoiisocrnens,</span> 
     </span>
     <span class='ocr_line' id='line_1_13' title="bbox 308 1678 843 1750; baseline -0.007 -15"><span class='ocrx_word' id='word_1_77' title='bbox 308 1680 378 1750; x_wconf 66' lang='lat' dir='ltr'>Quo</span> <span class='ocrx_word' id='word_1_78' title='bbox 386 1691 480 1735; x_wconf 87' lang='lat' dir='ltr'>nostro</span> <span class='ocrx_word' id='word_1_79' title='bbox 491 1679 592 1734; x_wconf 76' lang='lat' dir='ltr'>trustra</span> <span class='ocrx_word' id='word_1_80' title='bbox 602 1681 692 1749; x_wconf 81' lang='lat' dir='ltr'>juncta</span> <span class='ocrx_word' id='word_1_81' title='bbox 702 1679 776 1733; x_wconf 88' lang='lat' dir='ltr'>foere</span> <span class='ocrx_word' id='word_1_82' title='bbox 788 1678 843 1732; x_wconf 82' lang='lat' dir='ltr'>fari.</span> 
     </span>
    </p>
   </div>
   <div class='ocr_carea' id='block_1_6' title="bbox 113 1794 1180 1899">
    <p class='ocr_par' dir='ltr' id='par_1_7' title="bbox 113 1794 1180 1899">
     <span class='ocr_line' id='line_1_14' title="bbox 113 1794 1180 1899; baseline -0.004 -24"><span class='ocrx_word' id='word_1_83' title='bbox 113 1803 259 1875; x_wconf 71' lang='lat' dir='ltr'>fratrem</span> <span class='ocrx_word' id='word_1_84' title='bbox 275 1815 432 1899; x_wconf 77' lang='lat' dir='ltr'>pretesea</span> <span class='ocrx_word' id='word_1_85' title='bbox 447 1797 569 1871; x_wconf 80' lang='lat' dir='ltr'>habuit</span> <span class='ocrx_word' id='word_1_86' title='bbox 583 1814 665 1871; x_wconf 85' lang='lat' dir='ltr'>natu</span> <span class='ocrx_word' id='word_1_87' title='bbox 681 1798 837 1895; x_wconf 86' lang='lat' dir='ltr'>majorem</span> <span class='ocrx_word' id='word_1_88' title='bbox 860 1794 1034 1870; x_wconf 85' lang='lat' dir='ltr'>duodecim</span> <span class='ocrx_word' id='word_1_89' title='bbox 1056 1801 1180 1871; x_wconf 90' lang='lat' dir='ltr'>mensi-</span> 
     </span>
    </p>
   </div>
   <div class='ocr_carea' id='block_1_7' title="bbox 113 1911 1179 2243">
    <p class='ocr_par' dir='ltr' id='par_1_8' title="bbox 113 1911 1179 2243">
     <span class='ocr_line' id='line_1_15' title="bbox 113 1911 1177 2016; baseline -0.004 -25"><span class='ocrx_word' id='word_1_90' title='bbox 113 1919 200 2005; x_wconf 89' lang='lat' dir='ltr'>bus,</span> <span class='ocrx_word' id='word_1_91' title='bbox 217 1933 251 1989; x_wconf 90' lang='lat' dir='ltr'>et</span> <span class='ocrx_word' id='word_1_92' title='bbox 274 1914 364 2016; x_wconf 88' lang='lat' dir='ltr'>qnod</span> <span class='ocrx_word' id='word_1_93' title='bbox 389 1914 510 1988; x_wconf 89' lang='lat' dir='ltr'>mirum</span> <span class='ocrx_word' id='word_1_94' title='bbox 535 1931 607 2000; x_wconf 88' lang='lat' dir='ltr'>est,</span> <span class='ocrx_word' id='word_1_95' title='bbox 628 1912 762 1998; x_wconf 90' lang='lat' dir='ltr'>eodem,</span> <span class='ocrx_word' id='word_1_96' title='bbox 782 1940 848 2011; x_wconf 92' lang='lat' dir='ltr'>quo</span> <span class='ocrx_word' id='word_1_97' title='bbox 865 1911 958 2012; x_wconf 88' lang='lat' dir='ltr'>ipse,</span> <span class='ocrx_word' id='word_1_98' title='bbox 977 1931 1088 1986; x_wconf 83' lang='lat' dir='ltr'>natum</span> <span class='ocrx_word' id='word_1_99' title='bbox 1107 1913 1177 1987; x_wconf 89' lang='lat' dir='ltr'>die:</span> 
     </span>
     <span class='ocr_line' id='line_1_16' title="bbox 115 2023 1179 2129; baseline -0.004 -26"><span class='ocrx_word' id='word_1_100' title='bbox 115 2048 253 2129; x_wconf 89' lang='lat' dir='ltr'>uterque</span> <span class='ocrx_word' id='word_1_101' title='bbox 263 2028 351 2102; x_wconf 90' lang='lat' dir='ltr'>euim</span> <span class='ocrx_word' id='word_1_102' title='bbox 359 2045 481 2129; x_wconf 83' lang='lat' dir='ltr'>quarto</span> <span class='ocrx_word' id='word_1_103' title='bbox 495 2025 623 2101; x_wconf 90' lang='lat' dir='ltr'>decimo</span> <span class='ocrx_word' id='word_1_104' title='bbox 636 2023 766 2100; x_wconf 64' lang='lat' dir='ltr'>kalend·</span> <span class='ocrx_word' id='word_1_105' title='bbox 778 2024 903 2124; x_wconf 83' lang='lat' dir='ltr'>Aprilis</span> <span class='ocrx_word' id='word_1_106' title='bbox 917 2024 1179 2127; x_wconf 83' lang='lat' dir='ltr'>Minervaequin-</span> 
     </span>
     <span class='ocr_line' id='line_1_17' title="bbox 116 2138 1160 2243; baseline -0.002 -26"><span class='ocrx_word' id='word_1_107' title='bbox 116 2144 253 2243; x_wconf 83' lang='lat' dir='ltr'>quatriis</span> <span class='ocrx_word' id='word_1_108' title='bbox 268 2160 365 2216; x_wconf 87' lang='lat' dir='ltr'>natus</span> <span class='ocrx_word' id='word_1_109' title='bbox 381 2159 452 2227; x_wconf 83' lang='lat' dir='ltr'>est3</span> <span class='ocrx_word' id='word_1_110' title='bbox 473 2141 562 2241; x_wconf 90' lang='lat' dir='ltr'>qnod</span> <span class='ocrx_word' id='word_1_111' title='bbox 578 2140 625 2214; x_wconf 88' lang='lat' dir='ltr'>sic</span> <span class='ocrx_word' id='word_1_112' title='bbox 642 2141 714 2241; x_wconf 90' lang='lat' dir='ltr'>ipse</span> <span class='ocrx_word' id='word_1_113' title='bbox 730 2141 764 2211; x_wconf 90' lang='lat' dir='ltr'>in</span> <span class='ocrx_word' id='word_1_114' title='bbox 780 2141 880 2212; x_wconf 78' lang='lat' dir='ltr'>frist.</span> <span class='ocrx_word' id='word_1_115' title='bbox 896 2138 953 2212; x_wconf 92' lang='lat' dir='ltr'>lib.</span> <span class='ocrx_word' id='word_1_116' title='bbox 973 2143 1031 2228; x_wconf 85' lang='lat' dir='ltr'>IV,</span> <span class='ocrx_word' id='word_1_117' title='bbox 1046 2140 1096 2213; x_wconf 81' lang='lat' dir='ltr'>Et.</span> <span class='ocrx_word' id='word_1_118' title='bbox 1114 2163 1136 2215; x_wconf 87' lang='lat' dir='ltr'><strong>x</strong></span> <span class='ocrx_word' id='word_1_119' title='bbox 1152 2173 1160 2215; x_wconf 91' lang='lat'><strong>:</strong></span> 
     </span>
    </p>
   </div>
   <div class='ocr_carea' id='block_1_8' title="bbox 278 2264 984 2810">
    <p class='ocr_par' dir='ltr' id='par_1_9' title="bbox 278 2264 984 2448">
     <span class='ocr_line' id='line_1_18' title="bbox 278 2264 984 2356; baseline -0.004 -13"><span class='ocrx_word' id='word_1_120' title='bbox 278 2291 335 2344; x_wconf 85' lang='lat' dir='ltr'>Nec</span> <span class='ocrx_word' id='word_1_121' title='bbox 346 2290 423 2355; x_wconf 86' lang='lat' dir='ltr'>stirps</span> <span class='ocrx_word' id='word_1_122' title='bbox 434 2286 519 2355; x_wconf 81' lang='lat' dir='ltr'>prime</span> <span class='ocrx_word' id='word_1_123' title='bbox 533 2287 570 2340; x_wconf 89' lang='lat' dir='ltr'>fui</span> <span class='ocrx_word' id='word_1_124' title='bbox 582 2327 590 2355; x_wconf 88' lang='lat'>,</span> <span class='ocrx_word' id='word_1_125' title='bbox 604 2287 694 2356; x_wconf 76' lang='lat' dir='ltr'>genito</span> <span class='ocrx_word' id='word_1_126' title='bbox 705 2306 763 2339; x_wconf 88' lang='lat' dir='ltr'>sum</span> <span class='ocrx_word' id='word_1_127' title='bbox 778 2286 858 2339; x_wconf 86' lang='lat' dir='ltr'>fratre</span> <span class='ocrx_word' id='word_1_128' title='bbox 869 2264 969 2341; x_wconf 70' lang='lat' dir='ltr'>creetus</span> <span class='ocrx_word' id='word_1_129' title='bbox 976 2326 984 2353; x_wconf 95' lang='lat'>,</span> 
     </span>
     <span class='ocr_line' id='line_1_19' title="bbox 315 2378 944 2448; baseline -0.008 -16"><span class='ocrx_word' id='word_1_130' title='bbox 315 2380 371 2448; x_wconf 85' lang='lat' dir='ltr'>Qui</span> <span class='ocrx_word' id='word_1_131' title='bbox 382 2379 466 2432; x_wconf 89' lang='lat' dir='ltr'>tribus</span> <span class='ocrx_word' id='word_1_132' title='bbox 478 2389 537 2431; x_wconf 79' lang='lat' dir='ltr'>ente</span> <span class='ocrx_word' id='word_1_133' title='bbox 553 2389 644 2447; x_wconf 83' lang='lat' dir='ltr'>quater</span> <span class='ocrx_word' id='word_1_134' title='bbox 656 2378 789 2431; x_wconf 87' lang='lat' dir='ltr'>mensibus</span> <span class='ocrx_word' id='word_1_135' title='bbox 800 2387 871 2430; x_wconf 92' lang='lat' dir='ltr'>ortus</span> <span class='ocrx_word' id='word_1_136' title='bbox 881 2390 944 2432; x_wconf 77' lang='lat' dir='ltr'>eret.</span> 
     </span>
    </p>

    <p class='ocr_par' dir='ltr' id='par_1_10' title="bbox 280 2465 856 2626">
     <span class='ocr_line' id='line_1_20' title="bbox 280 2465 856 2523; baseline -0.007 0"><span class='ocrx_word' id='word_1_137' title='bbox 280 2469 385 2523; x_wconf 78' lang='lat' dir='ltr'>Lucifer</span> <span class='ocrx_word' id='word_1_138' title='bbox 396 2468 525 2521; x_wconf 84' lang='lat' dir='ltr'>ambobus</span> <span class='ocrx_word' id='word_1_139' title='bbox 535 2469 662 2521; x_wconf 75' lang='lat' dir='ltr'>natalibus</span> <span class='ocrx_word' id='word_1_140' title='bbox 674 2467 756 2520; x_wconf 84' lang='lat' dir='ltr'>adfuit</span> <span class='ocrx_word' id='word_1_141' title='bbox 768 2465 837 2520; x_wconf 88' lang='lat' dir='ltr'>idem</span> <span class='ocrx_word' id='word_1_142' title='bbox 850 2488 856 2519; x_wconf 80' lang='lat' dir='ltr'>z</span> 
     </span>
     <span class='ocr_line' id='line_1_21' title="bbox 315 2556 828 2626; baseline -0.008 -14"><span class='ocrx_word' id='word_1_143' title='bbox 315 2560 377 2621; x_wconf 73' lang='lat' dir='ltr'>Une</span> <span class='ocrx_word' id='word_1_144' title='bbox 388 2557 519 2612; x_wconf 77' lang='lat' dir='ltr'>celebrate</span> <span class='ocrx_word' id='word_1_145' title='bbox 530 2568 569 2610; x_wconf 87' lang='lat' dir='ltr'>est</span> <span class='ocrx_word' id='word_1_146' title='bbox 580 2576 626 2626; x_wconf 93' lang='lat' dir='ltr'>per</span> <span class='ocrx_word' id='word_1_147' title='bbox 637 2557 691 2610; x_wconf 91' lang='lat' dir='ltr'>duo</span> <span class='ocrx_word' id='word_1_148' title='bbox 702 2557 752 2610; x_wconf 85' lang='lat' dir='ltr'>fiba</span> <span class='ocrx_word' id='word_1_149' title='bbox 764 2556 828 2609; x_wconf 90' lang='lat' dir='ltr'>dies.</span> 
     </span>
    </p>

    <p class='ocr_par' dir='ltr' id='par_1_11' title="bbox 283 2646 948 2810">
     <span class='ocr_line' id='line_1_22' title="bbox 283 2646 948 2718; baseline -0.008 -14"><span class='ocrx_word' id='word_1_150' title='bbox 283 2653 349 2704; x_wconf 62' lang='lat' dir='ltr'>Huc</span> <span class='ocrx_word' id='word_1_151' title='bbox 360 2661 397 2704; x_wconf 87' lang='lat' dir='ltr'>est</span> <span class='ocrx_word' id='word_1_152' title='bbox 408 2647 539 2702; x_wconf 77' lang='lat' dir='ltr'>armiferte</span> <span class='ocrx_word' id='word_1_153' title='bbox 551 2648 582 2702; x_wconf 89' lang='lat' dir='ltr'>de</span> <span class='ocrx_word' id='word_1_154' title='bbox 591 2648 664 2703; x_wconf 87' lang='lat' dir='ltr'>festis</span> <span class='ocrx_word' id='word_1_155' title='bbox 675 2648 791 2718; x_wconf 85' lang='lat' dir='ltr'>quinque</span> <span class='ocrx_word' id='word_1_156' title='bbox 805 2646 948 2712; x_wconf 83' lang='lat' dir='ltr'>Minervse,</span> 
     </span>
     <span class='ocr_line' id='line_1_23' title="bbox 320 2737 853 2810; baseline -0.011 -16"><span class='ocrx_word' id='word_1_157' title='bbox 320 2741 388 2809; x_wconf 68' lang='lat' dir='ltr'>Qut</span> <span class='ocrx_word' id='word_1_158' title='bbox 399 2740 456 2794; x_wconf 81' lang='lat' dir='ltr'>fieri</span> <span class='ocrx_word' id='word_1_159' title='bbox 467 2759 554 2810; x_wconf 75' lang='lat' dir='ltr'>pugne</span> <span class='ocrx_word' id='word_1_160' title='bbox 565 2739 648 2808; x_wconf 79' lang='lat' dir='ltr'>prima</span> <span class='ocrx_word' id='word_1_161' title='bbox 660 2749 770 2792; x_wconf 79' lang='lat' dir='ltr'>cruenta</span> <span class='ocrx_word' id='word_1_162' title='bbox 781 2737 853 2791; x_wconf 80' lang='lat' dir='ltr'>solet.</span> 
     </span>
    </p>
   </div>
   <div class='ocr_carea' id='block_1_9' title="bbox 122 2854 1180 3076">
    <p class='ocr_par' dir='ltr' id='par_1_12' title="bbox 122 2854 1180 3076">
     <span class='ocr_line' id='line_1_24' title="bbox 124 2854 1180 2956; baseline 0.002 -24"><span class='ocrx_word' id='word_1_163' title='bbox 124 2861 233 2933; x_wconf 85' lang='lat' dir='ltr'>Natus</span> <span class='ocrx_word' id='word_1_164' title='bbox 246 2876 295 2932; x_wconf 88' lang='lat' dir='ltr'>est</span> <span class='ocrx_word' id='word_1_165' title='bbox 306 2875 413 2932; x_wconf 83' lang='lat' dir='ltr'>autem</span> <span class='ocrx_word' id='word_1_166' title='bbox 424 2858 537 2933; x_wconf 84' lang='lat' dir='ltr'>Hirtio</span> <span class='ocrx_word' id='word_1_167' title='bbox 550 2876 584 2933; x_wconf 92' lang='lat' dir='ltr'>et</span> <span class='ocrx_word' id='word_1_168' title='bbox 597 2860 705 2931; x_wconf 82' lang='lat' dir='ltr'>Pansa</span> <span class='ocrx_word' id='word_1_169' title='bbox 717 2885 801 2933; x_wconf 88' lang='lat' dir='ltr'>coss.</span> <span class='ocrx_word' id='word_1_170' title='bbox 815 2857 873 2956; x_wconf 90' lang='lat' dir='ltr'>qui</span> <span class='ocrx_word' id='word_1_171' title='bbox 889 2854 977 2930; x_wconf 85' lang='lat' dir='ltr'>bello</span> <span class='ocrx_word' id='word_1_172' title='bbox 990 2857 1180 2934; x_wconf 79' lang='lat' dir='ltr'>Antoniano</span> 
     </span>
     <span class='ocr_line' id='line_1_25' title="bbox 122 2973 1164 3076; baseline 0 -29"><span class='ocrx_word' id='word_1_173' title='bbox 122 2974 213 3076; x_wconf 81' lang='lat' dir='ltr'>apud</span> <span class='ocrx_word' id='word_1_174' title='bbox 230 2975 394 3048; x_wconf 75' lang='lat' dir='ltr'>Mutinam</span> <span class='ocrx_word' id='word_1_175' title='bbox 409 2975 568 3076; x_wconf 75' lang='lat' dir='ltr'>perempti</span> <span class='ocrx_word' id='word_1_176' title='bbox 582 2990 678 3062; x_wconf 89' lang='lat' dir='ltr'>sunt,</span> <span class='ocrx_word' id='word_1_177' title='bbox 693 2990 732 3045; x_wconf 88' lang='lat' dir='ltr'>ut</span> <span class='ocrx_word' id='word_1_178' title='bbox 746 2974 860 3074; x_wconf 89' lang='lat' dir='ltr'>ipsein</span> <span class='ocrx_word' id='word_1_179' title='bbox 873 2973 973 3046; x_wconf 87' lang='lat' dir='ltr'>Trist.</span> <span class='ocrx_word' id='word_1_180' title='bbox 991 2975 1051 3062; x_wconf 85' lang='lat' dir='ltr'>IV,</span> <span class='ocrx_word' id='word_1_181' title='bbox 1062 2974 1114 3047; x_wconf 79' lang='lat' dir='ltr'>Et.</span> <span class='ocrx_word' id='word_1_182' title='bbox 1125 2996 1164 3047; x_wconf 88' lang='lat' dir='ltr'>x:</span> 
     </span>
    </p>
   </div>
   <div class='ocr_carea' id='block_1_10' title="bbox 284 3119 995 3282">
    <p class='ocr_par' dir='ltr' id='par_1_13' title="bbox 284 3119 995 3282">
     <span class='ocr_line' id='line_1_26' title="bbox 284 3119 995 3192; baseline -0.004 -16"><span class='ocrx_word' id='word_1_183' title='bbox 284 3122 379 3176; x_wconf 83' lang='lat' dir='ltr'>Editus</span> <span class='ocrx_word' id='word_1_184' title='bbox 390 3120 431 3176; x_wconf 84' lang='lat' dir='ltr'>hie</span> <span class='ocrx_word' id='word_1_185' title='bbox 441 3143 489 3192; x_wconf 75' lang='lat' dir='ltr'>ego</span> <span class='ocrx_word' id='word_1_186' title='bbox 500 3138 561 3174; x_wconf 90' lang='lat' dir='ltr'>sum</span> <span class='ocrx_word' id='word_1_187' title='bbox 571 3140 577 3183; x_wconf 87' lang='lat'><strong>;</strong></span> <span class='ocrx_word' id='word_1_188' title='bbox 589 3137 638 3174; x_wconf 86' lang='lat' dir='ltr'>nee</span> <span class='ocrx_word' id='word_1_189' title='bbox 647 3137 703 3173; x_wconf 91' lang='lat' dir='ltr'>non</span> <span class='ocrx_word' id='word_1_190' title='bbox 713 3160 721 3188; x_wconf 93' lang='lat'>,</span> <span class='ocrx_word' id='word_1_191' title='bbox 733 3131 762 3174; x_wconf 92' lang='lat' dir='ltr'>ut</span> <span class='ocrx_word' id='word_1_192' title='bbox 777 3131 895 3190; x_wconf 82' lang='lat' dir='ltr'>tempora</span> <span class='ocrx_word' id='word_1_193' title='bbox 908 3119 995 3184; x_wconf 85' lang='lat' dir='ltr'>noris,</span> 
     </span>
     <span class='ocr_line' id='line_1_27' title="bbox 318 3210 884 3282; baseline -0.005 -16"><span class='ocrx_word' id='word_1_194' title='bbox 318 3214 412 3282; x_wconf 85' lang='lat' dir='ltr'>Quum</span> <span class='ocrx_word' id='word_1_195' title='bbox 423 3213 518 3268; x_wconf 82' lang='lat' dir='ltr'>cecidit</span> <span class='ocrx_word' id='word_1_196' title='bbox 529 3210 584 3264; x_wconf 81' lang='lat' dir='ltr'>fato</span> <span class='ocrx_word' id='word_1_197' title='bbox 595 3210 686 3264; x_wconf 88' lang='lat' dir='ltr'>consui</span> <span class='ocrx_word' id='word_1_198' title='bbox 700 3221 810 3280; x_wconf 87' lang='lat' dir='ltr'>uterque</span> <span class='ocrx_word' id='word_1_199' title='bbox 822 3211 884 3282; x_wconf 78' lang='lat' dir='ltr'>peri.</span> 
     </span>
    </p>
   </div>
   <div class='ocr_carea' id='block_1_11' title="bbox 120 3327 1188 4125">
    <p class='ocr_par' dir='ltr' id='par_1_14' title="bbox 120 3327 1188 4125">
     <span class='ocr_line' id='line_1_28' title="bbox 123 3327 1183 3429; baseline -0.001 -26"><span class='ocrx_word' id='word_1_200' title='bbox 123 3329 236 3426; x_wconf 82' lang='lat' dir='ltr'>Quum</span> <span class='ocrx_word' id='word_1_201' title='bbox 248 3349 358 3404; x_wconf 83' lang='lat' dir='ltr'>autem</span> <span class='ocrx_word' id='word_1_202' title='bbox 368 3332 483 3404; x_wconf 78' lang='lat' dir='ltr'>Rome</span> <span class='ocrx_word' id='word_1_203' title='bbox 492 3355 557 3401; x_wconf 84' lang='lat' dir='ltr'>una</span> <span class='ocrx_word' id='word_1_204' title='bbox 567 3327 747 3402; x_wconf 75' lang='lat' dir='ltr'>cumfratre</span> <span class='ocrx_word' id='word_1_205' title='bbox 756 3327 818 3400; x_wconf 90' lang='lat' dir='ltr'>sub</span> <span class='ocrx_word' id='word_1_206' title='bbox 829 3327 1015 3429; x_wconf 87' lang='lat' dir='ltr'>clarissimis</span> <span class='ocrx_word' id='word_1_207' title='bbox 1031 3345 1065 3402; x_wconf 92' lang='lat' dir='ltr'>et</span> <span class='ocrx_word' id='word_1_208' title='bbox 1077 3356 1183 3422; x_wconf 82' lang='lat' dir='ltr'>gram-</span> 
     </span>
     <span class='ocr_line' id='line_1_29' title="bbox 120 3440 1184 3544; baseline -0.003 -27"><span class='ocrx_word' id='word_1_209' title='bbox 120 3446 247 3519; x_wconf 85' lang='lat' dir='ltr'>maticis</span> <span class='ocrx_word' id='word_1_210' title='bbox 264 3464 298 3518; x_wconf 91' lang='lat' dir='ltr'>et</span> <span class='ocrx_word' id='word_1_211' title='bbox 315 3443 505 3519; x_wconf 77' lang='lat' dir='ltr'>rhetoribus</span> <span class='ocrx_word' id='word_1_212' title='bbox 526 3440 706 3543; x_wconf 84' lang='lat' dir='ltr'>plurimum</span> <span class='ocrx_word' id='word_1_213' title='bbox 721 3441 933 3544; x_wconf 84' lang='lat' dir='ltr'>profecisset,</span> <span class='ocrx_word' id='word_1_214' title='bbox 956 3443 1105 3541; x_wconf 80' lang='lat' dir='ltr'>iegibus,</span> <span class='ocrx_word' id='word_1_215' title='bbox 1126 3474 1184 3515; x_wconf 86' lang='lat' dir='ltr'>eo-</span> 
     </span>
     <span class='ocr_line' id='line_1_30' title="bbox 123 3556 1183 3662; baseline -0.002 -31"><span class='ocrx_word' id='word_1_216' title='bbox 123 3576 218 3651; x_wconf 79' lang='lat' dir='ltr'>gente</span> <span class='ocrx_word' id='word_1_217' title='bbox 241 3578 355 3660; x_wconf 87' lang='lat' dir='ltr'>patre,</span> <span class='ocrx_word' id='word_1_218' title='bbox 373 3559 431 3662; x_wconf 88' lang='lat' dir='ltr'>qui</span> <span class='ocrx_word' id='word_1_219' title='bbox 447 3557 660 3633; x_wconf 79' lang='lat' dir='ltr'>humanitatis</span> <span class='ocrx_word' id='word_1_220' title='bbox 677 3557 787 3631; x_wconf 81' lang='lat' dir='ltr'>studia</span> <span class='ocrx_word' id='word_1_221' title='bbox 808 3556 936 3632; x_wconf 81' lang='lat' dir='ltr'>inutilia</span> <span class='ocrx_word' id='word_1_222' title='bbox 955 3586 1025 3632; x_wconf 88' lang='lat' dir='ltr'>esse</span> <span class='ocrx_word' id='word_1_223' title='bbox 1042 3576 1183 3631; x_wconf 88' lang='lat' dir='ltr'>eonten-</span> 
     </span>
     <span class='ocr_line' id='line_1_31' title="bbox 124 3671 1185 3773; baseline 0.007 -31"><span class='ocrx_word' id='word_1_224' title='bbox 124 3671 245 3761; x_wconf 84' lang='lat' dir='ltr'>debat,</span> <span class='ocrx_word' id='word_1_225' title='bbox 258 3674 358 3773; x_wconf 85' lang='lat' dir='ltr'>eoepit</span> <span class='ocrx_word' id='word_1_226' title='bbox 369 3672 577 3761; x_wconf 88' lang='lat' dir='ltr'>incumbere,</span> <span class='ocrx_word' id='word_1_227' title='bbox 595 3691 628 3746; x_wconf 89' lang='lat' dir='ltr'>et</span> <span class='ocrx_word' id='word_1_228' title='bbox 639 3672 780 3773; x_wconf 86' lang='lat' dir='ltr'>profecit</span> <span class='ocrx_word' id='word_1_229' title='bbox 792 3672 938 3769; x_wconf 82' lang='lat' dir='ltr'>iegibus,</span> <span class='ocrx_word' id='word_1_230' title='bbox 954 3694 987 3748; x_wconf 89' lang='lat' dir='ltr'>et</span> <span class='ocrx_word' id='word_1_231' title='bbox 1000 3675 1185 3749; x_wconf 88' lang='lat' dir='ltr'>honoribus</span> 
     </span>
     <span class='ocr_line' id='line_1_32' title="bbox 124 3787 1185 3891; baseline 0.003 -30"><span class='ocrx_word' id='word_1_232' title='bbox 124 3788 263 3862; x_wconf 86' lang='lat' dir='ltr'>functus</span> <span class='ocrx_word' id='word_1_233' title='bbox 274 3807 339 3863; x_wconf 86' lang='lat' dir='ltr'>est:</span> <span class='ocrx_word' id='word_1_234' title='bbox 357 3792 413 3866; x_wconf 89' lang='lat' dir='ltr'>sed</span> <span class='ocrx_word' id='word_1_235' title='bbox 426 3790 649 3891; x_wconf 79' lang='lat' dir='ltr'>qunm&#39;fomm</span> <span class='ocrx_word' id='word_1_236' title='bbox 662 3787 866 3889; x_wconf 84' lang='lat' dir='ltr'>displiceret,</span> <span class='ocrx_word' id='word_1_237' title='bbox 880 3791 970 3890; x_wconf 90' lang='lat' dir='ltr'>quod</span> <span class='ocrx_word' id='word_1_238' title='bbox 983 3808 1067 3866; x_wconf 89' lang='lat' dir='ltr'>esset</span> <span class='ocrx_word' id='word_1_239' title='bbox 1081 3791 1185 3887; x_wconf 85' lang='lat' dir='ltr'>majus</span> 
     </span>
     <span class='ocr_line' id='line_1_33' title="bbox 124 3894 1186 4002; baseline 0.002 -22"><span class='ocrx_word' id='word_1_240' title='bbox 124 3935 217 3982; x_wconf 89' lang='lat' dir='ltr'>onus</span> <span class='ocrx_word' id='word_1_241' title='bbox 234 3904 305 4002; x_wconf 86' lang='lat' dir='ltr'>ejus</span> <span class='ocrx_word' id='word_1_242' title='bbox 320 3894 462 3996; x_wconf 78' lang='lat' dir='ltr'>viribus,</span> <span class='ocrx_word' id='word_1_243' title='bbox 471 3905 584 3982; x_wconf 77' lang='lat' dir='ltr'>relicta</span> <span class='ocrx_word' id='word_1_244' title='bbox 599 3906 690 3982; x_wconf 83' lang='lat' dir='ltr'>curia</span> <span class='ocrx_word' id='word_1_245' title='bbox 706 3923 739 3980; x_wconf 91' lang='lat' dir='ltr'>et</span> <span class='ocrx_word' id='word_1_246' title='bbox 761 3904 819 3981; x_wconf 83' lang='lat' dir='ltr'>tati</span> <span class='ocrx_word' id='word_1_247' title='bbox 847 3906 928 3981; x_wconf 84' lang='lat' dir='ltr'>clavi</span> <span class='ocrx_word' id='word_1_248' title='bbox 951 3906 1126 3992; x_wconf 87' lang='lat' dir='ltr'>servitute,</span> <span class='ocrx_word' id='word_1_249' title='bbox 1145 3907 1186 3981; x_wconf 85' lang='lat' dir='ltr'>ad</span> 
     </span>
     <span class='ocr_line' id='line_1_34' title="bbox 124 4016 1188 4125; baseline -0.001 -28"><span class='ocrx_word' id='word_1_250' title='bbox 124 4019 369 4097; x_wconf 86' lang='lat' dir='ltr'>mansuetiores</span> <span class='ocrx_word' id='word_1_251' title='bbox 382 4050 492 4097; x_wconf 86' lang='lat' dir='ltr'>musas</span> <span class='ocrx_word' id='word_1_252' title='bbox 505 4023 626 4111; x_wconf 89' lang='lat' dir='ltr'>rediit;</span> <span class='ocrx_word' id='word_1_253' title='bbox 651 4040 833 4125; x_wconf 77' lang='lat' dir='ltr'>poetasque</span> <span class='ocrx_word' id='word_1_254' title='bbox 855 4047 967 4096; x_wconf 87' lang='lat' dir='ltr'>omnes</span> <span class='ocrx_word' id='word_1_255' title='bbox 989 4016 1079 4092; x_wconf 85' lang='lat' dir='ltr'>iliius</span> <span class='ocrx_word' id='word_1_256' title='bbox 1107 4037 1188 4096; x_wconf 89' lang='lat' dir='ltr'>tem·</span> 
     </span>
    </p>
   </div>
   <div class='ocr_carea' id='block_1_12' title="bbox 0 0 1418 4694">
    <p class='ocr_par' dir='ltr' id='par_1_15' title="bbox 0 0 1418 4694">
     <span class='ocr_line' id='line_1_35' title="bbox 0 0 1418 4694; baseline 0 0"><span class='ocrx_word' id='word_1_257' title='bbox 0 0 1418 4694; x_wconf 95' lang='lat' dir='ltr'> </span> 
     </span>
    </p>
   </div>
  </div>
 </body>
</html>
