<?xml version="1.0" encoding="UTF-8"?>
<!DOCTYPE html PUBLIC "-//W3C//DTD XHTML 1.0 Transitional//EN"
    "http://www.w3.org/TR/xhtml1/DTD/xhtml1-transitional.dtd">
<html xmlns="http://www.w3.org/1999/xhtml" xml:lang="en" lang="en">
 <head>
  <title>
</title>
<meta http-equiv="Content-Type" content="text/html;charset=utf-8" />
  <meta name='ocr-system' content='tesseract 3.04.00' />
  <meta name='ocr-capabilities' content='ocr_page ocr_carea ocr_par ocr_line ocrx_word'/>
</head>
<body>
  <div class='ocr_page' id='page_1' title='image "./publiiovidiinas02massgoog/publiiovidiinas02massgoog_0100.png"; bbox 0 0 2768 4694; ppageno 0'>
   <div class='ocr_carea' id='block_1_1' title="bbox 429 357 1221 458">
    <p class='ocr_par' dir='ltr' id='par_1_1' title="bbox 429 357 1221 458">
     <span class='ocr_line' id='line_1_1' title="bbox 429 357 1221 458; baseline 0.019 -39"><span class='ocrx_word' id='word_1_1' title='bbox 429 407 433 417; x_wconf 93' lang='lat'><strong>.</strong></span> <span class='ocrx_word' id='word_1_2' title='bbox 484 357 579 422; x_wconf 82' lang='lat' dir='ltr'><strong>ern</strong></span> <span class='ocrx_word' id='word_1_3' title='bbox 603 358 637 422; x_wconf 85' lang='lat' dir='ltr'><strong>J.</strong></span> <span class='ocrx_word' id='word_1_4' title='bbox 665 358 891 425; x_wconf 73' lang='lat' dir='ltr'><strong>Missos.</strong></span> <span class='ocrx_word' id='word_1_5' title='bbox 1177 369 1221 458; x_wconf 79' lang='lat'><strong>93</strong></span> 
     </span>
    </p>
   </div>
   <div class='ocr_carea' id='block_1_2' title="bbox 153 494 1228 2776">
    <p class='ocr_par' dir='ltr' id='par_1_2' title="bbox 153 494 1227 1862">
     <span class='ocr_line' id='line_1_2' title="bbox 153 494 1226 596; baseline 0.005 -25"><span class='ocrx_word' id='word_1_6' title='bbox 153 515 254 572; x_wconf 86' lang='lat' dir='ltr'><strong>vocat</strong></span> <span class='ocrx_word' id='word_1_7' title='bbox 268 494 415 570; x_wconf 82' lang='lat' dir='ltr'>Velleius</span> <span class='ocrx_word' id='word_1_8' title='bbox 434 503 462 580; x_wconf 84' lang='lat'><strong>¹,</strong></span> <span class='ocrx_word' id='word_1_9' title='bbox 482 495 576 592; x_wconf 87' lang='lat' dir='ltr'><strong>cujus</strong></span> <span class='ocrx_word' id='word_1_10' title='bbox 593 495 711 583; x_wconf 84' lang='lat' dir='ltr'><strong>verba,</strong></span> <span class='ocrx_word' id='word_1_11' title='bbox 729 524 898 596; x_wconf 84' lang='lat' dir='ltr'>perperam</span> <span class='ocrx_word' id='word_1_12' title='bbox 916 525 934 569; x_wconf 92' lang='lat' dir='ltr'><strong>a</strong></span> <span class='ocrx_word' id='word_1_13' title='bbox 959 503 1226 576; x_wconf 88' lang='lat' dir='ltr'><strong>commentatori-</strong></span> 
     </span>
     <span class='ocr_line' id='line_1_3' title="bbox 154 604 1223 712; baseline 0.004 -25"><span class='ocrx_word' id='word_1_14' title='bbox 154 614 225 687; x_wconf 93' lang='lat' dir='ltr'><strong>bus</strong></span> <span class='ocrx_word' id='word_1_15' title='bbox 240 610 419 712; x_wconf 78' lang='lat' dir='ltr'><strong>praeterita,</strong></span> <span class='ocrx_word' id='word_1_16' title='bbox 436 627 542 710; x_wconf 82' lang='lat' dir='ltr'><strong>poetae</strong></span> <span class='ocrx_word' id='word_1_17' title='bbox 559 628 700 683; x_wconf 90' lang='lat' dir='ltr'><strong>mentem</strong></span> <span class='ocrx_word' id='word_1_18' title='bbox 718 604 866 710; x_wconf 90' lang='lat' dir='ltr'><strong>apprime</strong></span> <span class='ocrx_word' id='word_1_19' title='bbox 880 609 1056 683; x_wconf 91' lang='lat' dir='ltr'><strong>illustrant.</strong></span> <span class='ocrx_word' id='word_1_20' title='bbox 1078 648 1094 677; x_wconf 75' lang='grc' dir='ltr'>α</span> <span class='ocrx_word' id='word_1_21' title='bbox 1114 617 1223 704; x_wconf 87' lang='lat' dir='ltr'><strong>Mors,</strong></span> 
     </span>
     <span class='ocr_line' id='line_1_4' title="bbox 160 721 1223 821; baseline 0.012 -29"><span class='ocrx_word' id='word_1_22' title='bbox 160 763 180 793; x_wconf 89' lang='lat'>»</span> <span class='ocrx_word' id='word_1_23' title='bbox 200 726 266 813; x_wconf 89' lang='lat' dir='ltr'><strong>ait,</strong></span> <span class='ocrx_word' id='word_1_24' title='bbox 283 723 404 810; x_wconf 85' lang='lat' dir='ltr'>Drusi,</span> <span class='ocrx_word' id='word_1_25' title='bbox 417 722 483 821; x_wconf 84' lang='lat' dir='ltr'><strong>jani</strong></span> <span class='ocrx_word' id='word_1_26' title='bbox 499 721 627 820; x_wconf 83' lang='lat' dir='ltr'>pridem</span> <span class='ocrx_word' id='word_1_27' title='bbox 645 740 828 797; x_wconf 86' lang='lat' dir='ltr'><strong>tumescens</strong></span> <span class='ocrx_word' id='word_1_28' title='bbox 844 722 969 797; x_wconf 89' lang='lat' dir='ltr'><strong>bellum</strong></span> <span class='ocrx_word' id='word_1_29' title='bbox 988 725 1141 801; x_wconf 81' lang='lat' dir='ltr'><strong>excitauit</strong></span> <span class='ocrx_word' id='word_1_30' title='bbox 1155 733 1223 806; x_wconf 89' lang='lat' dir='ltr'><strong>Ita-</strong></span> 
     </span>
     <span class='ocr_line' id='line_1_5' title="bbox 163 836 1226 941; baseline 0.008 -32"><span class='ocrx_word' id='word_1_31' title='bbox 163 879 182 909; x_wconf 88' lang='lat'>»</span> <span class='ocrx_word' id='word_1_32' title='bbox 205 843 302 916; x_wconf 91' lang='lat' dir='ltr'><strong>licum</strong></span> <span class='ocrx_word' id='word_1_33' title='bbox 325 872 333 914; x_wconf 91' lang='lat'><strong>:</strong></span> <span class='ocrx_word' id='word_1_34' title='bbox 353 839 476 941; x_wconf 88' lang='lat' dir='ltr'><strong>quippe</strong></span> <span class='ocrx_word' id='word_1_35' title='bbox 492 841 530 911; x_wconf 91' lang='lat' dir='ltr'><strong>L.</strong></span> <span class='ocrx_word' id='word_1_36' title='bbox 551 841 697 926; x_wconf 80' lang='lat' dir='ltr'><strong>Caesare,</strong></span> <span class='ocrx_word' id='word_1_37' title='bbox 718 841 754 911; x_wconf 91' lang='lat' dir='ltr'><strong>P.</strong></span> <span class='ocrx_word' id='word_1_38' title='bbox 776 836 904 911; x_wconf 86' lang='lat' dir='ltr'><strong>Rutilio</strong></span> <span class='ocrx_word' id='word_1_39' title='bbox 924 866 1008 912; x_wconf 93' lang='lat' dir='ltr'><strong>coss.</strong></span> <span class='ocrx_word' id='word_1_40' title='bbox 1032 840 1153 916; x_wconf 87' lang='lat' dir='ltr'>abhinc</span> <span class='ocrx_word' id='word_1_41' title='bbox 1168 875 1226 918; x_wconf 91' lang='lat' dir='ltr'><strong>an-</strong></span> 
     </span>
     <span class='ocr_line' id='line_1_6' title="bbox 161 956 1226 1053; baseline 0.001 -18"><span class='ocrx_word' id='word_1_42' title='bbox 161 997 180 1028; x_wconf 91' lang='lat'>»</span> <span class='ocrx_word' id='word_1_43' title='bbox 200 989 263 1034; x_wconf 89' lang='lat' dir='ltr'><strong>nos</strong></span> <span class='ocrx_word' id='word_1_44' title='bbox 278 978 349 1034; x_wconf 83' lang='lat' dir='ltr'><strong>cxx</strong></span> <span class='ocrx_word' id='word_1_45' title='bbox 368 957 513 1052; x_wconf 86' lang='lat' dir='ltr'><strong>(idest,</strong></span> <span class='ocrx_word' id='word_1_46' title='bbox 531 984 607 1029; x_wconf 92' lang='lat' dir='ltr'><strong>ann.</strong></span> <span class='ocrx_word' id='word_1_47' title='bbox 627 958 668 1029; x_wconf 92' lang='lat' dir='ltr'><strong>U.</strong></span> <span class='ocrx_word' id='word_1_48' title='bbox 690 958 727 1029; x_wconf 90' lang='lat' dir='ltr'><strong>C.</strong></span> <span class='ocrx_word' id='word_1_49' title='bbox 747 956 914 1053; x_wconf 79' lang='lat' dir='ltr'><strong>uctxlv.)</strong></span> <span class='ocrx_word' id='word_1_50' title='bbox 929 957 1044 1051; x_wconf 84' lang='lat' dir='ltr'><strong>Quum</strong></span> <span class='ocrx_word' id='word_1_51' title='bbox 1058 959 1091 1031; x_wconf 94' lang='lat' dir='ltr'><strong>id</strong></span> <span class='ocrx_word' id='word_1_52' title='bbox 1106 959 1226 1037; x_wconf 90' lang='lat' dir='ltr'><strong>malum</strong></span> 
     </span>
     <span class='ocr_line' id='line_1_7' title="bbox 161 1070 1227 1158; baseline 0.004 -8"><span class='ocrx_word' id='word_1_53' title='bbox 161 1113 179 1142; x_wconf 92' lang='lat'>»</span> <span class='ocrx_word' id='word_1_54' title='bbox 200 1077 237 1150; x_wconf 92' lang='lat' dir='ltr'><strong>in</strong></span> <span class='ocrx_word' id='word_1_55' title='bbox 248 1076 403 1149; x_wconf 82' lang='lat' dir='ltr'><strong>universa</strong></span> <span class='ocrx_word' id='word_1_56' title='bbox 413 1070 507 1145; x_wconf 84' lang='lat' dir='ltr'><strong>ltalia</strong></span> <span class='ocrx_word' id='word_1_57' title='bbox 516 1071 557 1144; x_wconf 89' lang='lat' dir='ltr'><strong>ab</strong></span> <span class='ocrx_word' id='word_1_58' title='bbox 567 1071 743 1145; x_wconf 87' lang='lat' dir='ltr'><strong>Asculanis</strong></span> <span class='ocrx_word' id='word_1_59' title='bbox 754 1071 1227 1158; x_wconf 73' lang='lat' dir='ltr'><strong>esset,..acdeindeaMarsis</strong></span> 
     </span>
     <span class='ocr_line' id='line_1_8' title="bbox 161 1188 1225 1292; baseline 0.013 -32"><span class='ocrx_word' id='word_1_60' title='bbox 161 1231 180 1260; x_wconf 68' lang='lat'><strong>,2</strong></span> <span class='ocrx_word' id='word_1_61' title='bbox 200 1209 392 1292; x_wconf 87' lang='lat' dir='ltr'><strong>exceptum,</strong></span> <span class='ocrx_word' id='word_1_62' title='bbox 407 1190 442 1261; x_wconf 92' lang='lat' dir='ltr'><strong>in</strong></span> <span class='ocrx_word' id='word_1_63' title='bbox 456 1217 569 1262; x_wconf 89' lang='lat' dir='ltr'><strong>omnes</strong></span> <span class='ocrx_word' id='word_1_64' title='bbox 580 1206 785 1289; x_wconf 78' lang='lat' dir='ltr'><strong>penetrasset</strong></span> <span class='ocrx_word' id='word_1_65' title='bbox 797 1188 963 1283; x_wconf 79' lang='lat' dir='ltr'><strong>regiones,</strong></span> <span class='ocrx_word' id='word_1_66' title='bbox 976 1219 1064 1265; x_wconf 88' lang='lat' dir='ltr'><strong>arma</strong></span> <span class='ocrx_word' id='word_1_67' title='bbox 1073 1194 1225 1274; x_wconf 89' lang='lat' dir='ltr'><strong>adversus</strong></span> 
     </span>
     <span class='ocr_line' id='line_1_9' title="bbox 165 1303 1226 1406; baseline 0.004 -24"><span class='ocrx_word' id='word_1_68' title='bbox 165 1344 184 1374; x_wconf 72' lang='lat' dir='ltr'><strong>a</strong></span> <span class='ocrx_word' id='word_1_69' title='bbox 204 1311 376 1382; x_wconf 80' lang='lat' dir='ltr'><strong>Romanos</strong></span> <span class='ocrx_word' id='word_1_70' title='bbox 395 1307 516 1404; x_wconf 85' lang='lat' dir='ltr'><strong>(NB.)</strong></span> <span class='ocrx_word' id='word_1_71' title='bbox 534 1305 628 1406; x_wconf 83' lang='lat' dir='ltr'><strong>cepit.</strong></span> <span class='ocrx_word' id='word_1_72' title='bbox 659 1304 811 1398; x_wconf 83' lang='lat' dir='ltr'><strong>Quorum</strong></span> <span class='ocrx_word' id='word_1_73' title='bbox 837 1321 874 1376; x_wconf 88' lang='lat' dir='ltr'><strong>ut</strong></span> <span class='ocrx_word' id='word_1_74' title='bbox 895 1303 1026 1379; x_wconf 84' lang='lat' dir='ltr'><strong>fortuna</strong></span> <span class='ocrx_word' id='word_1_75' title='bbox 1049 1327 1163 1397; x_wconf 84' lang='lat' dir='ltr'><strong>atrox,</strong></span> <span class='ocrx_word' id='word_1_76' title='bbox 1180 1313 1226 1387; x_wconf 89' lang='lat' dir='ltr'><strong>ita</strong></span> 
     </span>
     <span class='ocr_line' id='line_1_10' title="bbox 167 1417 1226 1519; baseline 0.001 -22"><span class='ocrx_word' id='word_1_77' title='bbox 167 1457 188 1489; x_wconf 76' lang='lat' dir='ltr'><strong>a</strong></span> <span class='ocrx_word' id='word_1_78' title='bbox 208 1450 304 1496; x_wconf 89' lang='lat' dir='ltr'><strong>cansa</strong></span> <span class='ocrx_word' id='word_1_79' title='bbox 320 1421 383 1495; x_wconf 89' lang='lat' dir='ltr'><strong>snit</strong></span> <span class='ocrx_word' id='word_1_80' title='bbox 397 1420 582 1519; x_wconf 88' lang='lat' dir='ltr'><strong>justissima.</strong></span> <span class='ocrx_word' id='word_1_81' title='bbox 605 1417 729 1516; x_wconf 89' lang='lat' dir='ltr'>(NB.)</span> <span class='ocrx_word' id='word_1_82' title='bbox 745 1418 906 1491; x_wconf 83' lang='lat' dir='ltr'><strong>Petebant</strong></span> <span class='ocrx_word' id='word_1_83' title='bbox 922 1420 1009 1494; x_wconf 91' lang='lat' dir='ltr'><strong>enim</strong></span> <span class='ocrx_word' id='word_1_84' title='bbox 1025 1450 1095 1495; x_wconf 89' lang='lat' dir='ltr'><strong>eam</strong></span> <span class='ocrx_word' id='word_1_85' title='bbox 1112 1425 1226 1500; x_wconf 85' lang='lat' dir='ltr'><strong>civita·</strong></span> 
     </span>
     <span class='ocr_line' id='line_1_11' title="bbox 168 1533 1226 1640; baseline 0.004 -29"><span class='ocrx_word' id='word_1_86' title='bbox 168 1572 186 1602; x_wconf 72' lang='lat' dir='ltr'><strong>a</strong></span> <span class='ocrx_word' id='word_1_87' title='bbox 207 1555 289 1622; x_wconf 88' lang='lat' dir='ltr'><strong>tem,</strong></span> <span class='ocrx_word' id='word_1_88' title='bbox 308 1535 399 1633; x_wconf 87' lang='lat' dir='ltr'><strong>cujus</strong></span> <span class='ocrx_word' id='word_1_89' title='bbox 410 1534 583 1633; x_wconf 89' lang='lat' dir='ltr'><strong>imperium</strong></span> <span class='ocrx_word' id='word_1_90' title='bbox 599 1535 696 1607; x_wconf 88' lang='lat' dir='ltr'><strong>armis</strong></span> <span class='ocrx_word' id='word_1_91' title='bbox 711 1533 908 1618; x_wconf 89' lang='lat' dir='ltr'><strong>tuebantur,</strong></span> <span class='ocrx_word' id='word_1_92' title='bbox 931 1568 948 1597; x_wconf 91' lang='lat'>»</span> <span class='ocrx_word' id='word_1_93' title='bbox 965 1552 998 1608; x_wconf 93' lang='lat' dir='ltr'><strong>et</strong></span> <span class='ocrx_word' id='word_1_94' title='bbox 1014 1555 1136 1626; x_wconf 88' lang='lat' dir='ltr'><strong>cetera,</strong></span> <span class='ocrx_word' id='word_1_95' title='bbox 1155 1569 1226 1640; x_wconf 82' lang='lat' dir='ltr'><strong>qua</strong></span> 
     </span>
     <span class='ocr_line' id='line_1_12' title="bbox 162 1648 1227 1748; baseline 0.004 -23"><span class='ocrx_word' id='word_1_96' title='bbox 162 1651 252 1726; x_wconf 90' lang='lat' dir='ltr'><strong>lectu</strong></span> <span class='ocrx_word' id='word_1_97' title='bbox 267 1651 373 1748; x_wconf 89' lang='lat' dir='ltr'><strong>digna.</strong></span> <span class='ocrx_word' id='word_1_98' title='bbox 392 1648 454 1723; x_wconf 91' lang='lat' dir='ltr'><strong>Vel</strong></span> <span class='ocrx_word' id='word_1_99' title='bbox 466 1650 545 1723; x_wconf 83' lang='lat' dir='ltr'><strong>binc</strong></span> <span class='ocrx_word' id='word_1_100' title='bbox 561 1677 639 1723; x_wconf 87' lang='lat' dir='ltr'><strong>vero</strong></span> <span class='ocrx_word' id='word_1_101' title='bbox 654 1648 826 1735; x_wconf 85' lang='lat' dir='ltr'><strong>discimus,</strong></span> <span class='ocrx_word' id='word_1_102' title='bbox 846 1678 913 1748; x_wconf 92' lang='lat' dir='ltr'><strong>quo</strong></span> <span class='ocrx_word' id='word_1_103' title='bbox 924 1649 995 1748; x_wconf 86' lang='lat' dir='ltr'><strong>jure</strong></span> <span class='ocrx_word' id='word_1_104' title='bbox 1012 1654 1100 1726; x_wconf 85' lang='lat' dir='ltr'>Naso</span> <span class='ocrx_word' id='word_1_105' title='bbox 1113 1675 1227 1730; x_wconf 90' lang='lat' dir='ltr'><strong>noster</strong></span> 
     </span>
     <span class='ocr_line' id='line_1_13' title="bbox 163 1761 765 1862; baseline -0.008 -23"><span class='ocrx_word' id='word_1_106' title='bbox 163 1765 373 1862; x_wconf 85' lang='lat' dir='ltr'><strong>Pelignorum</strong></span> <span class='ocrx_word' id='word_1_107' title='bbox 389 1791 477 1837; x_wconf 83' lang='lat' dir='ltr'><strong>unna</strong></span> <span class='ocrx_word' id='word_1_108' title='bbox 494 1762 615 1837; x_wconf 80' lang='lat' dir='ltr'><strong>dixerit</strong></span> <span class='ocrx_word' id='word_1_109' title='bbox 631 1761 765 1836; x_wconf 81' lang='lat' dir='ltr'><strong>honesto.</strong></span> 
     </span>
    </p>

    <p class='ocr_par' dir='ltr' id='par_1_3' title="bbox 163 1878 1228 2562">
     <span class='ocr_line' id='line_1_14' title="bbox 213 1878 1224 1980; baseline 0.005 -26"><span class='ocrx_word' id='word_1_110' title='bbox 213 1881 312 1955; x_wconf 90' lang='lat' dir='ltr'><strong>Plura</strong></span> <span class='ocrx_word' id='word_1_111' title='bbox 327 1879 450 1980; x_wconf 87' lang='lat' dir='ltr'><strong>siquis</strong></span> <span class='ocrx_word' id='word_1_112' title='bbox 467 1879 507 1952; x_wconf 88' lang='lat' dir='ltr'><strong>de</strong></span> <span class='ocrx_word' id='word_1_113' title='bbox 525 1878 673 1952; x_wconf 88' lang='lat' dir='ltr'><strong>Sulmone</strong></span> <span class='ocrx_word' id='word_1_114' title='bbox 688 1878 853 1978; x_wconf 89' lang='lat' dir='ltr'><strong>requirat,</strong></span> <span class='ocrx_word' id='word_1_115' title='bbox 878 1881 1085 1980; x_wconf 82' lang='lat' dir='ltr'><strong>geographos</strong></span> <span class='ocrx_word' id='word_1_116' title='bbox 1103 1911 1224 1959; x_wconf 91' lang='lat' dir='ltr'><strong>consu-</strong></span> 
     </span>
     <span class='ocr_line' id='line_1_15' title="bbox 164 1992 1226 2100; baseline 0.007 -32"><span class='ocrx_word' id='word_1_117' title='bbox 164 1995 228 2072; x_wconf 86' lang='lat' dir='ltr'><strong>lere</strong></span> <span class='ocrx_word' id='word_1_118' title='bbox 239 1996 372 2083; x_wconf 86' lang='lat' dir='ltr'><strong>licebit,</strong></span> <span class='ocrx_word' id='word_1_119' title='bbox 386 1993 436 2067; x_wconf 83' lang='lat' dir='ltr'><strong>vel</strong></span> <span class='ocrx_word' id='word_1_120' title='bbox 450 1994 617 2068; x_wconf 81' lang='lat' dir='ltr'><strong>Herculem</strong></span> <span class='ocrx_word' id='word_1_121' title='bbox 629 1992 816 2092; x_wconf 74' lang='lat' dir='ltr'><strong>Ctbfitm&#39;um,</strong></span> <span class='ocrx_word' id='word_1_122' title='bbox 833 1994 889 2093; x_wconf 92' lang='lat' dir='ltr'><strong>qui</strong></span> <span class='ocrx_word' id='word_1_123' title='bbox 901 1997 1084 2069; x_wconf 88' lang='lat' dir='ltr'><strong>communis</strong></span> <span class='ocrx_word' id='word_1_124' title='bbox 1096 2000 1226 2100; x_wconf 88' lang='lat' dir='ltr'><strong>utrique</strong></span> 
     </span>
     <span class='ocr_line' id='line_1_16' title="bbox 165 2110 1226 2213; baseline 0.002 -26"><span class='ocrx_word' id='word_1_125' title='bbox 165 2113 274 2213; x_wconf 85' lang='lat' dir='ltr'><strong>patriae</strong></span> <span class='ocrx_word' id='word_1_126' title='bbox 290 2111 454 2213; x_wconf 83' lang='lat' dir='ltr'><strong>prolixam</strong></span> <span class='ocrx_word' id='word_1_127' title='bbox 471 2110 549 2186; x_wconf 91' lang='lat' dir='ltr'><strong>satis</strong></span> <span class='ocrx_word' id='word_1_128' title='bbox 567 2110 838 2210; x_wconf 88' lang='lat' dir='ltr'><strong>descriptionem,</strong></span> <span class='ocrx_word' id='word_1_129' title='bbox 854 2111 1033 2208; x_wconf 83' lang='lat' dir='ltr'><strong>prasertim</strong></span> <span class='ocrx_word' id='word_1_130' title='bbox 1052 2116 1160 2211; x_wconf 89' lang='lat' dir='ltr'><strong>quoad</strong></span> <span class='ocrx_word' id='word_1_131' title='bbox 1174 2146 1226 2189; x_wconf 88' lang='lat' dir='ltr'><strong>re-</strong></span> 
     </span>
     <span class='ocr_line' id='line_1_17' title="bbox 163 2224 1227 2324; baseline 0.004 -22"><span class='ocrx_word' id='word_1_132' title='bbox 163 2231 342 2303; x_wconf 88' lang='lat' dir='ltr'><strong>centiorem</strong></span> <span class='ocrx_word' id='word_1_133' title='bbox 358 2244 481 2303; x_wconf 89' lang='lat' dir='ltr'><strong>statum</strong></span> <span class='ocrx_word' id='word_1_134' title='bbox 501 2226 635 2313; x_wconf 81' lang='lat' dir='ltr'><strong>attinet,</strong></span> <span class='ocrx_word' id='word_1_135' title='bbox 655 2224 723 2298; x_wconf 92' lang='lat' dir='ltr'><strong>suis</strong></span> <span class='ocrx_word' id='word_1_136' title='bbox 740 2225 772 2296; x_wconf 92' lang='lat' dir='ltr'><strong>in</strong></span> <span class='ocrx_word' id='word_1_137' title='bbox 796 2228 1227 2324; x_wconf 84' lang='lat' dir='ltr'><strong>poetam-observationibus</strong></span> 
     </span>
     <span class='ocr_line' id='line_1_18' title="bbox 165 2341 1228 2447; baseline 0 -26"><span class='ocrx_word' id='word_1_138' title='bbox 165 2348 311 2447; x_wconf 73' lang='lat' dir='ltr'><strong>praefixit.</strong></span> <span class='ocrx_word' id='word_1_139' title='bbox 328 2348 377 2418; x_wconf 85' lang='lat' dir='ltr'><strong>Ea</strong></span> <span class='ocrx_word' id='word_1_140' title='bbox 389 2374 465 2418; x_wconf 82' lang='lat' dir='ltr'><strong>vero</strong></span> <span class='ocrx_word' id='word_1_141' title='bbox 480 2344 594 2416; x_wconf 86' lang='lat' dir='ltr'><strong>civitas</strong></span> <span class='ocrx_word' id='word_1_142' title='bbox 607 2370 692 2414; x_wconf 91' lang='lat' dir='ltr'><strong>anno</strong></span> <span class='ocrx_word' id='word_1_143' title='bbox 709 2341 838 2413; x_wconf 85' lang='lat' dir='ltr'><strong>tandem</strong></span> <span class='ocrx_word' id='word_1_144' title='bbox 853 2345 1000 2439; x_wconf 86' lang='lat' dir='ltr'><strong>proxime</strong></span> <span class='ocrx_word' id='word_1_145' title='bbox 1017 2343 1128 2445; x_wconf 88' lang='lat' dir='ltr'><strong>elapso</strong></span> <span class='ocrx_word' id='word_1_146' title='bbox 1138 2403 1147 2433; x_wconf 98' lang='lat'><strong>,</strong></span> <span class='ocrx_word' id='word_1_147' title='bbox 1159 2377 1228 2421; x_wconf 79' lang='lat' dir='ltr'><strong>aerae</strong></span> 
     </span>
     <span class='ocr_line' id='line_1_19' title="bbox 166 2457 1226 2562; baseline 0 -28"><span class='ocrx_word' id='word_1_148' title='bbox 166 2461 253 2555; x_wconf 79' lang='lat' dir='ltr'><strong>vulg.</strong></span> <span class='ocrx_word' id='word_1_149' title='bbox 266 2476 523 2547; x_wconf 74' lang='lat' dir='ltr'><strong>unccv1,terrae</strong></span> <span class='ocrx_word' id='word_1_150' title='bbox 533 2474 625 2529; x_wconf 90' lang='lat' dir='ltr'><strong>motu</strong></span> <span class='ocrx_word' id='word_1_151' title='bbox 639 2474 670 2529; x_wconf 91' lang='lat' dir='ltr'><strong>et</strong></span> <span class='ocrx_word' id='word_1_152' title='bbox 679 2457 772 2528; x_wconf 89' lang='lat' dir='ltr'><strong>hiatu</strong></span> <span class='ocrx_word' id='word_1_153' title='bbox 781 2457 913 2556; x_wconf 86' lang='lat' dir='ltr'><strong>penitus</strong></span> <span class='ocrx_word' id='word_1_154' title='bbox 923 2460 1046 2532; x_wconf 89' lang='lat' dir='ltr'><strong>corruit</strong></span> <span class='ocrx_word' id='word_1_155' title='bbox 1056 2461 1226 2562; x_wconf 83' lang='lat' dir='ltr'><strong>periitque.</strong></span> 
     </span>
    </p>

    <p class='ocr_par' dir='ltr' id='par_1_4' title="bbox 172 2574 1226 2776">
     <span class='ocr_line' id='line_1_20' title="bbox 216 2574 1226 2671; baseline 0.001 -23"><span class='ocrx_word' id='word_1_156' title='bbox 216 2578 276 2648; x_wconf 88' lang='lat' dir='ltr'><strong>Ill.</strong></span> <span class='ocrx_word' id='word_1_157' title='bbox 303 2580 475 2648; x_wconf 72' lang='lat' dir='ltr'><strong>Nisistu</strong></span> <span class='ocrx_word' id='word_1_158' title='bbox 498 2600 593 2645; x_wconf 89' lang='lat' dir='ltr'><strong>suurn</strong></span> <span class='ocrx_word' id='word_1_159' title='bbox 607 2599 718 2645; x_wconf 77' lang='lat' dir='ltr'><strong>nntium</strong></span> <span class='ocrx_word' id='word_1_160' title='bbox 736 2589 847 2645; x_wconf 89' lang='lat' dir='ltr'><strong>noster</strong></span> <span class='ocrx_word' id='word_1_161' title='bbox 864 2574 1011 2671; x_wconf 84' lang='lat' dir='ltr'><strong>proxime</strong></span> <span class='ocrx_word' id='word_1_162' title='bbox 1034 2576 1157 2648; x_wconf 90' lang='lat' dir='ltr'><strong>indicat</strong></span> <span class='ocrx_word' id='word_1_163' title='bbox 1174 2607 1226 2650; x_wconf 91' lang='lat' dir='ltr'><strong>eo·</strong></span> 
     </span>
     <span class='ocr_line' id='line_1_21' title="bbox 172 2687 1012 2776; baseline -0.005 -12"><span class='ocrx_word' id='word_1_164' title='bbox 172 2690 245 2764; x_wconf 86' lang='lat' dir='ltr'><strong>deur</strong></span> <span class='ocrx_word' id='word_1_165' title='bbox 262 2693 404 2766; x_wconf 72' lang='lat' dir='ltr'><strong>sumine</strong></span> <span class='ocrx_word' id='word_1_166' title='bbox 425 2717 485 2776; x_wconf 91' lang='lat'><strong>10,</strong></span> <span class='ocrx_word' id='word_1_167' title='bbox 507 2688 605 2762; x_wconf 87' lang='lat' dir='ltr'><strong>Trist.</strong></span> <span class='ocrx_word' id='word_1_168' title='bbox 625 2687 682 2761; x_wconf 92' lang='lat' dir='ltr'><strong>lib.</strong></span> <span class='ocrx_word' id='word_1_169' title='bbox 701 2690 759 2775; x_wconf 51' lang='lat' dir='ltr'><strong>lli,</strong></span> <span class='ocrx_word' id='word_1_170' title='bbox 777 2718 858 2762; x_wconf 85' lang='lat' dir='ltr'><strong>vers.</strong></span> <span class='ocrx_word' id='word_1_171' title='bbox 881 2689 902 2760; x_wconf 92' lang='lat'><strong>5</strong></span> <span class='ocrx_word' id='word_1_172' title='bbox 920 2706 950 2760; x_wconf 92' lang='lat' dir='ltr'><strong>et</strong></span> <span class='ocrx_word' id='word_1_173' title='bbox 967 2689 989 2758; x_wconf 85' lang='lat'><strong>6</strong></span> <span class='ocrx_word' id='word_1_174' title='bbox 1005 2720 1012 2760; x_wconf 78' lang='lat' dir='ltr'><em>z</em></span> 
     </span>
    </p>
   </div>
   <div class='ocr_carea' id='block_1_3' title="bbox 337 2834 1044 2994">
    <p class='ocr_par' dir='ltr' id='par_1_5' title="bbox 337 2834 1044 2994">
     <span class='ocr_line' id='line_1_22' title="bbox 337 2834 1044 2905; baseline 0 -17"><span class='ocrx_word' id='word_1_175' title='bbox 337 2834 431 2888; x_wconf 79' lang='lat' dir='ltr'><strong>Editus</strong></span> <span class='ocrx_word' id='word_1_176' title='bbox 440 2835 480 2889; x_wconf 88' lang='lat' dir='ltr'><strong>bic</strong></span> <span class='ocrx_word' id='word_1_177' title='bbox 490 2855 539 2903; x_wconf 88' lang='lat' dir='ltr'><strong>ego</strong></span> <span class='ocrx_word' id='word_1_178' title='bbox 550 2854 622 2898; x_wconf 84' lang='lat' dir='ltr'><strong>surn;</strong></span> <span class='ocrx_word' id='word_1_179' title='bbox 636 2855 750 2888; x_wconf 85' lang='lat' dir='ltr'><strong>necnon</strong></span> <span class='ocrx_word' id='word_1_180' title='bbox 762 2875 769 2898; x_wconf 97' lang='lat'><strong>,</strong></span> <span class='ocrx_word' id='word_1_181' title='bbox 782 2846 812 2888; x_wconf 92' lang='lat' dir='ltr'><strong>ut</strong></span> <span class='ocrx_word' id='word_1_182' title='bbox 825 2846 943 2905; x_wconf 83' lang='lat' dir='ltr'><strong>tempora</strong></span> <span class='ocrx_word' id='word_1_183' title='bbox 956 2835 1044 2900; x_wconf 84' lang='lat' dir='ltr'><strong>noris,</strong></span> 
     </span>
     <span class='ocr_line' id='line_1_23' title="bbox 366 2926 935 2994; baseline 0 -18"><span class='ocrx_word' id='word_1_184' title='bbox 366 2926 460 2993; x_wconf 87' lang='lat' dir='ltr'><strong>Quum</strong></span> <span class='ocrx_word' id='word_1_185' title='bbox 470 2927 559 2980; x_wconf 83' lang='lat' dir='ltr'><strong>cecidit</strong></span> <span class='ocrx_word' id='word_1_186' title='bbox 574 2926 629 2978; x_wconf 82' lang='lat' dir='ltr'><strong>lato</strong></span> <span class='ocrx_word' id='word_1_187' title='bbox 641 2930 732 2977; x_wconf 84' lang='lat' dir='ltr'><strong>consul</strong></span> <span class='ocrx_word' id='word_1_188' title='bbox 743 2936 850 2994; x_wconf 87' lang='lat' dir='ltr'><strong>uterque</strong></span> <span class='ocrx_word' id='word_1_189' title='bbox 864 2926 918 2994; x_wconf 90' lang='lat' dir='ltr'><strong>pari</strong></span> <span class='ocrx_word' id='word_1_190' title='bbox 929 2947 935 2990; x_wconf 88' lang='lat'>;</span> 
     </span>
    </p>
   </div>
   <div class='ocr_carea' id='block_1_4' title="bbox 171 3040 1229 3259">
    <p class='ocr_par' dir='ltr' id='par_1_6' title="bbox 171 3040 1229 3259">
     <span class='ocr_line' id='line_1_24' title="bbox 172 3040 1227 3142; baseline 0.006 -27"><span class='ocrx_word' id='word_1_191' title='bbox 172 3042 294 3142; x_wconf 86' lang='lat' dir='ltr'><strong>quibus</strong></span> <span class='ocrx_word' id='word_1_192' title='bbox 315 3040 469 3115; x_wconf 90' lang='lat' dir='ltr'><strong>consules</strong></span> <span class='ocrx_word' id='word_1_193' title='bbox 495 3041 580 3115; x_wconf 84' lang='lat' dir='ltr'><strong>clare</strong></span> <span class='ocrx_word' id='word_1_194' title='bbox 597 3040 821 3134; x_wconf 83' lang='lat' dir='ltr'><strong>designantur,</strong></span> <span class='ocrx_word' id='word_1_195' title='bbox 841 3071 926 3142; x_wconf 91' lang='lat' dir='ltr'><strong>quos</strong></span> <span class='ocrx_word' id='word_1_196' title='bbox 943 3042 984 3115; x_wconf 89' lang='lat' dir='ltr'><strong>ad</strong></span> <span class='ocrx_word' id='word_1_197' title='bbox 1002 3044 1091 3117; x_wconf 89' lang='lat' dir='ltr'><strong>bunc</strong></span> <span class='ocrx_word' id='word_1_198' title='bbox 1107 3074 1227 3122; x_wconf 89' lang='lat' dir='ltr'><strong>aunum</strong></span> 
     </span>
     <span class='ocr_line' id='line_1_25' title="bbox 171 3155 1229 3259; baseline 0.007 -29"><span class='ocrx_word' id='word_1_199' title='bbox 171 3158 394 3259; x_wconf 88' lang='lat' dir='ltr'><strong>adposuimus,</strong></span> <span class='ocrx_word' id='word_1_200' title='bbox 407 3157 543 3231; x_wconf 74' lang='lat' dir='ltr'><strong>Hirtium</strong></span> <span class='ocrx_word' id='word_1_201' title='bbox 559 3174 592 3227; x_wconf 88' lang='lat' dir='ltr'><strong>et</strong></span> <span class='ocrx_word' id='word_1_202' title='bbox 604 3155 751 3241; x_wconf 86' lang='lat' dir='ltr'><strong>Pnnsum,</strong></span> <span class='ocrx_word' id='word_1_203' title='bbox 768 3159 826 3257; x_wconf 90' lang='lat' dir='ltr'><strong>qui</strong></span> <span class='ocrx_word' id='word_1_204' title='bbox 837 3156 926 3230; x_wconf 91' lang='lat' dir='ltr'><strong>bello</strong></span> <span class='ocrx_word' id='word_1_205' title='bbox 939 3159 1116 3245; x_wconf 79' lang='lat' dir='ltr'><strong>Mutinensi,</strong></span> <span class='ocrx_word' id='word_1_206' title='bbox 1133 3163 1229 3237; x_wconf 88' lang='lat' dir='ltr'><strong>simul</strong></span> 
     </span>
    </p>
   </div>
   <div class='ocr_carea' id='block_1_5' title="bbox 169 3271 1231 3486">
    <p class='ocr_par' dir='ltr' id='par_1_7' title="bbox 169 3271 1231 3486">
     <span class='ocr_line' id='line_1_26' title="bbox 172 3271 1231 3357; baseline 0.008 -13"><span class='ocrx_word' id='word_1_207' title='bbox 172 3301 242 3347; x_wconf 85' lang='lat' dir='ltr'><strong>curn</strong></span> <span class='ocrx_word' id='word_1_208' title='bbox 255 3275 382 3348; x_wconf 83' lang='lat' dir='ltr'><strong>Caesare</strong></span> <span class='ocrx_word' id='word_1_209' title='bbox 398 3275 597 3357; x_wconf 88' lang='lat' dir='ltr'><strong>Octaviano,</strong></span> <span class='ocrx_word' id='word_1_210' title='bbox 611 3271 764 3346; x_wconf 79' lang='lat' dir='ltr'><strong>adversus</strong></span> <span class='ocrx_word' id='word_1_211' title='bbox 778 3275 826 3346; x_wconf 88' lang='lat' dir='ltr'><strong>M.</strong></span> <span class='ocrx_word' id='word_1_212' title='bbox 842 3275 1024 3347; x_wconf 85' lang='lat' dir='ltr'><strong>Antonium</strong></span> <span class='ocrx_word' id='word_1_213' title='bbox 1039 3277 1231 3353; x_wconf 88' lang='lat' dir='ltr'><strong>dimicantes</strong></span> 
     </span>
     <span class='ocr_line' id='line_1_27' title="bbox 169 3385 1230 3486; baseline 0.006 -27"><span class='ocrx_word' id='word_1_214' title='bbox 169 3388 267 3460; x_wconf 85' lang='lat' dir='ltr'><strong>ambo</strong></span> <span class='ocrx_word' id='word_1_215' title='bbox 286 3386 494 3474; x_wconf 89' lang='lat' dir='ltr'><strong>ceciderunt;</strong></span> <span class='ocrx_word' id='word_1_216' title='bbox 514 3385 648 3458; x_wconf 90' lang='lat' dir='ltr'><strong>duobus</strong></span> <span class='ocrx_word' id='word_1_217' title='bbox 670 3412 787 3486; x_wconf 89' lang='lat' dir='ltr'><strong>nempe</strong></span> <span class='ocrx_word' id='word_1_218' title='bbox 814 3385 934 3486; x_wconf 87' lang='lat' dir='ltr'><strong>praeliis</strong></span> <span class='ocrx_word' id='word_1_219' title='bbox 959 3389 1042 3461; x_wconf 88' lang='lat' dir='ltr'><strong>cirea</strong></span> <span class='ocrx_word' id='word_1_220' title='bbox 1066 3392 1230 3465; x_wconf 86' lang='lat' dir='ltr'><strong>Mutinam</strong></span> 
     </span>
    </p>
   </div>
   <div class='ocr_carea' id='block_1_6' title="bbox 168 3500 1233 3715">
    <p class='ocr_par' dir='ltr' id='par_1_8' title="bbox 168 3500 1233 3715">
     <span class='ocr_line' id='line_1_28' title="bbox 170 3500 1233 3601; baseline 0.004 -27"><span class='ocrx_word' id='word_1_221' title='bbox 170 3502 280 3600; x_wconf 78' lang='lat' dir='ltr'><strong>Aprili</strong></span> <span class='ocrx_word' id='word_1_222' title='bbox 289 3530 401 3576; x_wconf 84' lang='lat' dir='ltr'><strong>mense</strong></span> <span class='ocrx_word' id='word_1_223' title='bbox 411 3500 615 3588; x_wconf 88' lang='lat' dir='ltr'><strong>commissis,</strong></span> <span class='ocrx_word' id='word_1_224' title='bbox 629 3500 751 3601; x_wconf 91' lang='lat' dir='ltr'><strong>quibus</strong></span> <span class='ocrx_word' id='word_1_225' title='bbox 763 3503 916 3574; x_wconf 88' lang='lat' dir='ltr'><strong>consulum</strong></span> <span class='ocrx_word' id='word_1_226' title='bbox 926 3504 1003 3576; x_wconf 86' lang='lat' dir='ltr'><strong>ulter</strong></span> <span class='ocrx_word' id='word_1_227' title='bbox 1013 3505 1044 3576; x_wconf 83' lang='lat' dir='ltr'><strong>in</strong></span> <span class='ocrx_word' id='word_1_228' title='bbox 1058 3508 1136 3591; x_wconf 73' lang='lat' dir='ltr'><strong>uere,</strong></span> <span class='ocrx_word' id='word_1_229' title='bbox 1155 3509 1233 3579; x_wconf 83' lang='lat' dir='ltr'><strong>alter</strong></span> 
     </span>
     <span class='ocr_line' id='line_1_29' title="bbox 168 3618 906 3715; baseline 0 -27"><span class='ocrx_word' id='word_1_230' title='bbox 168 3633 364 3715; x_wconf 83' lang='lat' dir='ltr'><strong>postponens</strong></span> <span class='ocrx_word' id='word_1_231' title='bbox 378 3618 441 3693; x_wconf 83' lang='lat' dir='ltr'><strong>dies</strong></span> <span class='ocrx_word' id='word_1_232' title='bbox 456 3647 498 3691; x_wconf 79' lang='lat' dir='ltr'><strong>ex</strong></span> <span class='ocrx_word' id='word_1_233' title='bbox 514 3618 639 3690; x_wconf 82' lang='lat' dir='ltr'><strong>vulnere</strong></span> <span class='ocrx_word' id='word_1_234' title='bbox 655 3631 776 3689; x_wconf 76' lang='lat' dir='ltr'><strong>mortem</strong></span> <span class='ocrx_word' id='word_1_235' title='bbox 793 3618 873 3690; x_wconf 81' lang='lat' dir='ltr'><strong>obiit.</strong></span> <span class='ocrx_word' id='word_1_236' title='bbox 894 3627 906 3655; x_wconf 90' lang='lat'>²</span> 
     </span>
    </p>
   </div>
   <div class='ocr_carea' id='block_1_7' title="bbox 174 3734 1231 3955">
    <p class='ocr_par' dir='ltr' id='par_1_9' title="bbox 174 3734 1231 3955">
     <span class='ocr_line' id='line_1_30' title="bbox 225 3734 1230 3838; baseline 0.006 -32"><span class='ocrx_word' id='word_1_237' title='bbox 225 3734 328 3832; x_wconf 75' lang='lat' dir='ltr'><strong>Cujus</strong></span> <span class='ocrx_word' id='word_1_238' title='bbox 346 3764 438 3811; x_wconf 86' lang='lat' dir='ltr'><strong>casus</strong></span> <span class='ocrx_word' id='word_1_239' title='bbox 456 3735 640 3836; x_wconf 83' lang='lat' dir='ltr'><strong>geminique</strong></span> <span class='ocrx_word' id='word_1_240' title='bbox 658 3735 841 3808; x_wconf 86' lang='lat' dir='ltr'><strong>certaminis</strong></span> <span class='ocrx_word' id='word_1_241' title='bbox 864 3754 992 3836; x_wconf 89' lang='lat' dir='ltr'><strong>ternpus</strong></span> <span class='ocrx_word' id='word_1_242' title='bbox 1014 3739 1115 3838; x_wconf 88' lang='lat' dir='ltr'><strong>paulo</strong></span> <span class='ocrx_word' id='word_1_243' title='bbox 1137 3767 1230 3812; x_wconf 87' lang='lat' dir='ltr'><strong>accu-</strong></span> 
     </span>
     <span class='ocr_line' id='line_1_31' title="bbox 174 3848 1231 3955; baseline 0.007 -34"><span class='ocrx_word' id='word_1_244' title='bbox 174 3848 298 3936; x_wconf 89' lang='lat' dir='ltr'><strong>ratius,</strong></span> <span class='ocrx_word' id='word_1_245' title='bbox 317 3877 414 3948; x_wconf 87' lang='lat' dir='ltr'><strong>quam</strong></span> <span class='ocrx_word' id='word_1_246' title='bbox 429 3851 528 3946; x_wconf 84' lang='lat' dir='ltr'><strong>volgo</strong></span> <span class='ocrx_word' id='word_1_247' title='bbox 543 3852 603 3938; x_wconf 84' lang='lat' dir='ltr'><strong>fit,</strong></span> <span class='ocrx_word' id='word_1_248' title='bbox 621 3851 810 3950; x_wconf 85' lang='lat' dir='ltr'><strong>exposuisse</strong></span> <span class='ocrx_word' id='word_1_249' title='bbox 826 3881 946 3926; x_wconf 81' lang='lat' dir='ltr'><strong>verum·</strong></span> <span class='ocrx_word' id='word_1_250' title='bbox 962 3882 1067 3955; x_wconf 82' lang='lat' dir='ltr'><strong>operae</strong></span> <span class='ocrx_word' id='word_1_251' title='bbox 1089 3853 1231 3951; x_wconf 86' lang='lat' dir='ltr'><strong>pretium</strong></span> 
     </span>
    </p>
   </div>
   <div class='ocr_carea' id='block_1_8' title="bbox 205 4012 987 4169">
    <p class='ocr_par' dir='ltr' id='par_1_10' title="bbox 205 4012 987 4169">
     <span class='ocr_line' id='line_1_32' title="bbox 206 4012 987 4090; baseline 0.009 -25"><span class='ocrx_word' id='word_1_252' title='bbox 206 4017 215 4046; x_wconf 85' lang='lat'>¹</span> <span class='ocrx_word' id='word_1_253' title='bbox 235 4013 292 4066; x_wconf 90' lang='lat' dir='ltr'><strong>Lib.</strong></span> <span class='ocrx_word' id='word_1_254' title='bbox 305 4012 349 4080; x_wconf 91' lang='lat' dir='ltr'><strong>ll,</strong></span> <span class='ocrx_word' id='word_1_255' title='bbox 361 4032 417 4080; x_wconf 86' lang='lat' dir='ltr'><strong>cap.</strong></span> <span class='ocrx_word' id='word_1_256' title='bbox 430 4022 458 4069; x_wconf 82' lang='lat'><strong>15</strong></span> <span class='ocrx_word' id='word_1_257' title='bbox 469 4037 475 4067; x_wconf 88' lang='lat'>:</span> <span class='ocrx_word' id='word_1_258' title='bbox 488 4015 544 4069; x_wconf 78' lang='lat' dir='ltr'><strong>ride</strong></span> <span class='ocrx_word' id='word_1_259' title='bbox 557 4029 583 4070; x_wconf 85' lang='lat' dir='ltr'><strong>et</strong></span> <span class='ocrx_word' id='word_1_260' title='bbox 597 4016 667 4069; x_wconf 83' lang='lat' dir='ltr'><strong>Flor.</strong></span> <span class='ocrx_word' id='word_1_261' title='bbox 682 4017 726 4069; x_wconf 91' lang='lat' dir='ltr'><strong>lib.</strong></span> <span class='ocrx_word' id='word_1_262' title='bbox 736 4018 796 4086; x_wconf 87' lang='lat' dir='ltr'><strong>ltl,</strong></span> <span class='ocrx_word' id='word_1_263' title='bbox 813 4039 868 4090; x_wconf 87' lang='lat' dir='ltr'><strong>cap.</strong></span> <span class='ocrx_word' id='word_1_264' title='bbox 882 4021 928 4085; x_wconf 78' lang='lat'><strong>18,</strong></span> <span class='ocrx_word' id='word_1_265' title='bbox 939 4031 987 4074; x_wconf 70' lang='lat' dir='ltr'><strong>etc„</strong></span> 
     </span>
     <span class='ocr_line' id='line_1_33' title="bbox 205 4097 779 4169; baseline 0.01 -19"><span class='ocrx_word' id='word_1_266' title='bbox 205 4102 217 4130; x_wconf 88' lang='lat'>²</span> <span class='ocrx_word' id='word_1_267' title='bbox 234 4097 355 4152; x_wconf 77' lang='lat' dir='ltr'><strong>Velleius</strong></span> <span class='ocrx_word' id='word_1_268' title='bbox 369 4098 534 4164; x_wconf 68' lang='lat' dir='ltr'><strong>Paterentur,</strong></span> <span class='ocrx_word' id='word_1_269' title='bbox 550 4100 592 4154; x_wconf 79' lang='lat' dir='ltr'><strong>tib.</strong></span> <span class='ocrx_word' id='word_1_270' title='bbox 606 4100 651 4166; x_wconf 87' lang='lat'><strong>11,</strong></span> <span class='ocrx_word' id='word_1_271' title='bbox 672 4120 726 4169; x_wconf 86' lang='lat' dir='ltr'><strong>cap.</strong></span> <span class='ocrx_word' id='word_1_272' title='bbox 739 4102 779 4156; x_wconf 78' lang='lat'><strong>61.</strong></span> 
     </span>
    </p>
   </div>
   <div class='ocr_carea' id='block_1_9' title="bbox 0 0 1402 4694">
    <p class='ocr_par' dir='ltr' id='par_1_11' title="bbox 0 0 1402 4694">
     <span class='ocr_line' id='line_1_34' title="bbox 0 0 1402 4694; baseline 0 0"><span class='ocrx_word' id='word_1_273' title='bbox 0 0 1402 4694; x_wconf 95' lang='lat' dir='ltr'><strong> </strong></span> 
     </span>
    </p>
   </div>
  </div>
 </body>
</html>
