2768 4694
160 383 226 428 noo
491 362 530 425 Ρ.
558 358 736 428 OVIDII
761 354 898 424 VITA

158 504 233 576 Hoc
248 518 357 575 autem
372 526 489 601 poema
505 519 553 573 xv
571 498 666 574 libris
679 516 872 574 contentum
889 494 1010 584 fuisse,
1030 512 1152 572 auctor
1162 495 1240 601 ipse

156 636 289 708 monet,
309 617 412 693 Trist
429 615 489 692 tib.
509 615 654 713 1,Eleg.
673 635 706 705 1,
725 644 808 702 vers,
833 640 897 714 ¹¹7
917 642 925 687 ε

323 764 395 818 Sunt
408 782 512 834 quoque
524 773 633 819 mutato
645 773 684 818 ter
692 768 797 833 quiaque
810 764 940 816 volumina
949 760 1063 828 formu,
1146 784 1150 790 ·
1194 784 1198 791 ·

352 846 447 916 Nuper
459 847 492 900 ab
504 845 630 915 exsequiis
640 845 757 900 carmina
768 855 843 914 rapta
854 843 935 908 mein

157 965 250 1066 qnod
265 963 387 1066 repetit
401 961 461 1037 lib.
481 964 549 1051 ΙΙΙ,
569 961 663 1059 Eleg.
682 982 757 1051 xtV,
773 989 855 1037 vers.
879 963 997 1062 19-24.

204 1084 248 1154 X.
272 1080 335 1152 Est
357 1095 390 1152 et
405 1077 496 1151 aliud
515 1107 620 1180 opus,
645 1079 736 1179 quod
754 1077 868 1153 Ovidii
890 1076 1052 1172 relegatio
1084 1076 1234 1181 abrupit,

154 1197 353 1271 Ftswltlttt
371 1223 490 1296 nempe
508 1194 632 1281 libros,
651 1195 691 1268 de
709 1194 833 1295 quibus
850 1195 897 1270 sie
913 1193 956 1267 ad
971 1195 1166 1292 Angustum
1179 1198 1233 1298 ip-

161 1331 287 1401 semet,
304 1312 406 1386 Trist.
424 1310 484 1385 lib.
502 1313 558 1399 ll,
575 1339 658 1386 vers.
679 1310 865 1412 549-552:

324 1459 377 1514 Sex
388 1478 438 1529 ego
450 1461 582 1512 Fastorum
593 1456 683 1526 scripsi
698 1458 862 1526 totidemque
874 1458 973 1513 libellos
986 1480 993 1522 3

354 1541 479 1611 Cumque
492 1559 542 1595 suo
553 1541 637 1594 tinem
648 1559 741 1595 meuse
752 1540 878 1595 volumen
890 1541 978 1595 hahet.

325 1627 409 1697 idque
421 1638 469 1681 tuo
480 1645 566 1697 nuper
576 1625 703 1695 scripturn
713 1626 762 1679 sub
775 1623 901 1692 nomine,
915 1623 1020 1693 Cesar,

355 1710 390 1764 Et
402 1709 449 1764 tibi
460 1719 591 1764 sacratum
600 1727 657 1762 sors
668 1726 728 1762 mea
738 1708 809 1778 rupit
821 1727 894 1778 opus.

160 1831 249 1907 Hinc
271 1828 372 1925 vulgo
399 1829 488 1904 docti
512 1846 626 1918 erunt,
645 1827 805 1903 Ovidium
820 1826 978 1902 duodecin
996 1829 1173 1920 Fastorum
1188 1825 1231 1901 li·

157 1947 241 2024 bros
257 1947 446 2046 scripsisse,
470 1974 613 2046 quorum
629 1974 686 2021 sex
699 1944 900 2048 posteriores
915 1942 1089 2046 perierint¹
1105 1945 1232 2018 Verum

157 2059 186 2134 si
205 2058 302 2134 liceat
317 2060 360 2133 ab
378 2059 597 2134 eruditiorum
616 2059 776 2134 sententia
793 2085 940 2133 seorsum
956 2057 1064 2146 abire,
1083 2055 1174 2132 ultro
1185 2057 1232 2132 sa·

158 2177 277 2268 tebor,
294 2196 427 2280 poetam
438 2177 505 2251 hoc
518 2176 592 2252 loco
609 2180 648 2250 de
659 2206 716 2252 sex
728 2194 856 2252 tantum
870 2176 967 2251 libris
979 2175 1232 2274 intelligendum

158 2321 240 2368 csse.
257 2296 327 2368 Nec
346 2292 433 2367 enim
448 2291 539 2367 aliud
556 2292 622 2368 sibi
634 2292 716 2368 velle
729 2292 811 2367 mihi
827 2293 973 2382 ridetur,
989 2311 1231 2396 preterquam,

159 2410 249 2511 quod
263 2409 433 2512 scripserit
443 2437 500 2484 sex
516 2409 698 2496 Fastorum,
712 2410 777 2484 hoc
792 2427 860 2498 est,
878 2439 935 2485 sex
951 2410 1087 2496 Festos,
1106 2440 1167 2486 sen
1178 2438 1233 2485 sex

158 2529 285 2615 Fastis,
310 2544 408 2628 atque
425 2526 566 2614 totidem,
595 2554 653 2601 scu
670 2553 727 2601 sex
743 2527 842 2602 etiam
860 2527 972 2613 libros,
994 2525 1050 2628 qui
1068 2527 1170 2602 Fasti
1190 2527 1231 2603 ab

161 2673 202 2719 eo
219 2645 310 2719 fuere
328 2643 427 2731 dicti,
448 2643 526 2743 quia
541 2640 658 2715 iisdem
673 2642 794 2744 sagrata
806 2659 940 2744 tempora
952 2642 1063 2717 Fastis
1078 2659 1199 2719 tractat
1209 2651 1231 2716 ἰ

164 2789 200 2833 ac
217 2778 256 2833 ut
271 2762 359 2834 Fast.
377 2757 436 2832 lib.
455 2759 504 2829 lv
519 2756 616 2831 initio
633 2757 702 2833 ait:

324 2907 458 2976 Tempora
469 2923 532 2960 cum
543 2905 625 2960 causis
638 2907 783 2962 Annalibus
796 2918 871 2962 erute
882 2906 989 2978 priscis,

357 2989 492 3059 Lapsaque
504 2987 552 3043 suh
564 2999 661 3058 terras,
673 3001 783 3060 ortaque
796 2990 869 3060 signa
880 3008 953 3044 cano

158 3102 240 3176 Inde
254 3122 304 3178 est
321 3107 412 3206 quod
429 3105 569 3196 ibidem,
591 3107 821 3183 Germanicum
837 3107 999 3184 Caesarem
1019 3109 1224 3212 adloquens,

159 3217 268 3309 addit,
285 3251 368 3297 vers.
395 3240 486 3323 19et
503 3248 572 3296 20:

320 3369 350 3422 Si
362 3389 414 3440 qua
427 3381 517 3426 tamen
529 3391 588 3442 pars
601 3382 626 3426 te
639 3372 672 3426 de
686 3373 773 3426 Fastis
786 3384 891 3444 tangere
903 3372 999 3441 debet,

360 3456 457 3519 Cesar,
471 3456 500 3508 in
512 3458 610 3524 Aprili,
623 3475 676 3526 quo
687 3458 817 3523 tenearis,
833 3457 911 3511 habes
922 3497 929 3524 ,
945 3470 994 3513 etc.

159 3570 319 3646 Eumdem
337 3599 471 3671 quoque
489 3599 623 3647 sensnm
635 3573 773 3648 omniuo
787 3574 974 3666 continuat,
991 3605 1094 3678 mom
1108 3579 1230 3655 Noster

161 3687 355 3787 subjungit,
373 3688 617 3763 antecedentem
636 3717 766 3765 versum
781 3694 1017 3792 expositurus:

330 3832 453 3902 Cumque
468 3854 517 3888 suo
529 3835 612 3891 finem
625 3856 715 3892 mense
728 3837 853 3893 volumen
865 3839 952 3894 habet.

160 3955 291 4029 Scilicet
317 3950 498 4049 significat,
518 3982 553 4029 se
573 3954 740 4032 Fastorum
757 3959 926 4032 materiam
944 3989 980 4033 ea
1001 3961 1162 4036 methodo
1180 3961 1227 4034 di-

192 4123 200 4152 ¹
218 4121 287 4176 Fast.
299 4121 342 4176 tn.
353 4121 399 4191 11,
412 4139 478 4177 vers
491 4141 513 4190 7·
