2768 4694
160 341 224 426 242
480 344 520 409 r.
552 342 732 411 ovrun
766 340 901 409 vira

156 501 231 558 autc
247 482 337 556 hunc
354 511 477 557 anuum
493 483 603 558 editos
619 511 706 570 eam,
725 511 764 556 er
776 482 837 556 lib.
852 485 906 570 ll,
924 481 984 556 ubi
997 498 1100 583 poeta
1115 483 1216 556 'Im-

158 618 253 675 tttttl
272 599 386 674 laudat
399 627 459 674 eeu
476 599 674 701 templorum
687 601 932 688 restitutorem,
948 626 968 672 a
985 625 1072 674 vero.
1091 598 1156 672 55:

317 746 451 816 Pdueipio
463 748 560 802 mma
571 788 579 815 ,
591 734 714 820 utqui
725 758 889 803 mom-
903 746 984 801 aaut

350 831 451 897 sospita
460 828 575 884 delobris
585 829 682 884 &dtur
690 841 766 885 ueta
776 831 860 884 novio

319 911 398 966 Naue
408 910 455 964 nbi
465 922 540 976 cunt,
552 911 601 964 iltis
612 929 670 981 qut
680 923 744 965 mut
754 922 853 964 ramata
866 909 1001 976 kalendis,

349 992 462 1064 Templa
476 995 562 1049 Dee?
572 996 648 1067 longa
661 996 823 1066 procubuere
835 995 886 1051 die.

318 1075 557 1132 emnedmffi
569 1076 937 1146 udenuthhtaetamim,

351 1160 427 1215 Cavit
438 1167 539 1216 sacrati
545 1161 654 1232 provida
664 1182 727 1219 cura
738 1165 827 1217 aut:

320 1245 376 1300 snb
389 1266 442 1316 quo
453 1246 567 1301 delubria
578 1247 691 1302 sentitur
703 1248 775 1300 uuila
785 1259 912 1302 reuedua

349 1330 405 1384 Nec
416 1330 477 1383 eatis
490 1341 529 1383 eut
540 1331 681 1394 homiuem
695 1332 792 1402 obligat
803 1332 845 1386 ilie
857 1332 938 1385 Dour.

315 1415 490 1485 Tempiorum
495 1421 607 1482 positor,
619 1417 781 1485 tcmfflomm
791 1427 878 1471 mete
889 1429 1014 1485 repertor,

349 1498 391 1552 Sit
401 1498 523 1568 Superis,
536 1508 613 1568 opto,
626 1510 720 1553 mutua
731 1519 794 1554 cura
806 1500 854 1552 tui.

157 1618 221 1690 ilic
238 1643 359 1716 nempe
373 1643 475 1715 quum
495 1613 638 1690 Ovidius
655 1632 818 1704 notasset,
836 1616 1118 1718 lunonissoptoe
1135 1634 1217 1692 tem·
1255 1646 1266 1657 ·

155 1731 268 1834 plum,
282 1731 373 1831 quod
381 1729 466 1805 'olim
478 1731 717 1806 conterminum
728 1731 790 1805 todi
802 1729 1063 1835 Phpgioe'mdn'r
1076 1740 1099 1819 ¹,
1110 1731 1146 1806 id
1155 1751 1216 1821 eat,

156 1848 317 1950 Cybeles,
328 1848 472 1924 dicatum
480 1847 619 1922 iahed&
627 1848 734 1924 Jmi's
742 1848 859 1935 suerat,
872 1851 917 1924 ita
925 1848 1219 1952 funditusperiisoe

156 1950 289 2066 quaudo
307 1964 375 2039 hac
394 1965 583 2052 scribebat,
603 1983 642 2039 ut
658 1982 737 2040 tuuc
760 1965 981 2065 temporisne
998 1967 1133 2064 vestigia
1151 1967 1220 2068 qui·

155 2082 230 2155 dem
252 2080 342 2155 illius
365 2080 478 2181 templi
502 2096 735 2181 superessent3
770 2080 884 2170 addit,
913 2081 1086 2182 providam
1108 2083 1220 2159 socrui

154 2199 259 2283 ducis,
276 2199 341 2272 hoc
355 2215 423 2284 cst,
442 2197 649 2298 imperatoria
667 2195 787 2269 Tiberii
794 2213 864 2269 tum
877 2224 986 2271 rerum
996 2225 1218 2294 summamge

155 2315 268 2403 uentis,
283 2341 393 2414 curam
407 2313 597 2399 cavisse‚ue
609 2310 681 2385 talis
687 2310 783 2385 ruina
795 2312 920 2385 caterio
930 2339 1062 2412 quoque
1072 2315 1216 2388 Deorum

155 2431 287 2533 templis
300 2430 503 2526 obtimum
518 2458 590 2530 qua
601 2427 740 2529 proinde
751 2429 817 2528 jam
830 2429 1016 2504 restituerat
1029 2461 1037 2502 ε
1052 2431 1142 2505 uude
1154 2434 1216 2505 Na·

157 2547 229 2624 aoui
247 2546 368 2619 dicitur
381 2545 557 2643 templorum
569 2543 689 2643 positor
700 2559 733 2616 et
750 2545 901 2642 repositor.

203 2664 277 2735 Jam
292 2689 369 2734 vero
383 2660 518 2734 Tacitus
535 2668 547 2696 ²
566 2659 601 2730 iu
616 2658 754 2756 hujusce
768 2659 845 2731 anni
859 2659 940 2732 actis
954 2657 1022 2730 haec
1037 2658 1077 2733 de
1093 2661 1219 2735 Tiberio

156 2781 289 2854 recitat:
304 2811 321 2842 «
331 2776 452 2851 Iisdem
463 2773 670 2875 temporibus
683 2775 791 2847 Detim
804 2773 889 2847 aedes
903 2790 1064 2849 vetustate
1077 2794 1138 2850 aut
1150 2777 1217 2873 igui

161 2928 177 2958 u
197 2891 354 2979 abolitas,
377 2906 567 2991 emptasque
589 2890 634 2962 ab
657 2892 831 2984 Augusto,
859 2888 1018 2962 dedicarit
1041 2922 1049 2964 ε
1071 2893 1218 2982 Libero,

162 3040 179 3071 »
199 3008 393 3105 liberaque
410 3022 442 3079 ct
458 3002 571 3076 Cereri
591 3002 683 3100 juxta
705 3002 826 3074 circum
842 3003 1038 3093 maximum,
1056 3032 1153 3105 quam
1173 3009 1217 3079 A.

162 3157 178 3186 n
199 3122 414 3197 Posthumiua
432 3120 573 3193 dictator
587 3137 718 3193 voverat
737 3149 745 3190 :
765 3116 945 3218 eodemque
962 3119 996 3191 iu
1016 3119 1088 3194 loco
1112 3120 1223 3198 aedem

163 3273 178 3302 »ι
198 3237 324 3324 Flora,
342 3235 385 3309 ab
399 3235 505 3310 Lucio
523 3251 556 3306 et
571 3235 687 3307 Marco
705 3231 861 3333 publiciis
885 3234 1035 3309 aediiibua
1054 3237 1218 3312 coustitu-

162 3389 178 3416 »
200 3371 265 3425 tem
290 3383 296 3424 :
317 3366 351 3423 ct
366 3351 453 3422 Jauo
470 3345 652 3447 templum,
682 3345 774 3446 quod
795 3344 884 3448 apud
915 3347 1024 3421 sorum
1045 3347 1218 3426 olitorium

190 3533 197 3560 ¹
217 3523 299 3596 Quod
309 3533 366 3576 erat
380 3522 406 3574 iu
424 3531 515 3573 monte
529 3519 663 3585 Palatino,
683 3528 713 3571 ut
725 3517 834 3588 ipsemet
847 3520 979 3590 Augustus
993 3532 1103 3575 testatur
1117 3522 1145 3576 iu
1158 3544 1221 3579 mo-

158 3620 287 3666 numento
299 3609 442 3678 Ancyrano
453 3624 460 3657 ι
473 3607 561 3657 Mem
572 3606 666 3656 Μαίη)
679 3621 774 3671 κομι
785 3609 812 3656 r'a
820 3604 987 3672 palatiulus.
1008 3605 1112 3659 Ibidem
1125 3620 1152 3662 et
1167 3611 1220 3680 jam

158 3708 218 3751 oute
227 3697 387 3748 simuiaecrrrm
399 3695 486 3743 matris
497 3691 578 3742 Μαι
593 3686 690 3753 subse,
709 3686 796 3741 scribit
812 3688 865 3742 Dio
878 3688 921 3743 tib.
934 3688 1021 3743 vat
1035 3689 1067 3741 ad
1080 3709 1123 3744 au.
1141 3693 1176 3745 U.
1189 3690 1220 3745 C.

159 3797 248 3837 uccxt.
259 3779 360 3834 ldcirro
371 3774 544 3830 hallucinatur
557 3775 696 3831 Nardiuns.
709 3790 817 3824 cenaeus
829 3773 956 3827 Ovidium
968 3773 1001 3827 de
1014 3773 1096 3828 altero
1111 3779 1239 3831 Juuorr's.

158 3867 261 3932 Sospite
268 3862 366 3931 templo
374 3862 400 3913 in
411 3859 470 3912 soro
481 3857 584 3912 olitorio
592 3855 789 3926 inteiligeudum
799 3878 867 3921 etse,
877 3857 910 3910 de
923 3858 984 3912 Aut.
995 3858 1095 3924 Roma,
1111 3860 1155 3913 tib.
1165 3861 1217 3924 Vl,

158 3968 212 4017 cap.
228 3963 285 4012 xtv,
298 3965 355 4015 pag.
371 3946 435 4017 398,
448 3954 475 3996 et
488 3941 530 3995 lib.
544 3942 598 3995 Vll
609 3981 616 4007 ‚
628 3960 681 4010 cap.
694 3956 740 4005 lv,
757 3961 812 4011 pag.
827 3944 889 4008 432,
910 3942 972 3995 edit.
985 3942 1040 3995 Ital.
1054 3941 1136 4008 iu-40.
1149 3942 1219 3994 Vide

159 4030 249 4083 haedo
262 4051 289 4082 re
302 4029 332 4082 ci.
344 4031 472 4082 Bolterelle’
481 4024 720 4080 uotasinccicberr.
732 4023 826 4076 Graevii
840 4025 914 4078 Prot
928 4037 990 4077 tom.
1001 4026 1040 4077 lv
1050 4027 1113 4079 Ant.
1122 4028 1198 4078 Rom.

189 4124 200 4149 ²
220 4121 313 4172 ,tnnat
327 4117 368 4171 iib.
385 4119 424 4183 ΙΙ,
437 4138 490 4186 cap.
503 4120 542 4186 49.
