2768 4694
610 310 760 379 VITA.

316 449 406 520 thue
415 467 466 503 suo
476 448 563 503 laneas
573 449 697 512 mandat,
710 449 823 518 Rubne,
836 450 1002 522 Triumpho,

348 541 379 595 ln
391 550 490 594 vestras
501 539 574 593 v'entt
585 540 606 594 si
618 551 707 594 umen
720 540 762 595 ille
773 560 875 596 manus.
1095 604 1098 611 Ι

317 630 364 686 Est
373 650 440 700 opus
450 631 589 702 exiguum,
601 632 746 700 vestrisque
757 632 888 701 paratibus
896 633 997 703 impar:
1111 688 1115 697 ,

344 721 433 792 Quale
445 731 537 777 tamen
549 741 663 792 cumque
676 733 731 789 est,
744 733 774 776 ut
783 734 874 777 tueare
885 763 893 791 ,
904 740 977 794 rogo.

153 852 199 923 Et
221 848 332 946 lingua
356 851 474 923 Getica
497 846 649 922 libellum
674 847 716 921 de
736 849 907 924 Laudibus
935 852 1095 938 Caesaris,
1123 879 1219 953 quem

155 965 250 1039 etiam
268 964 439 1081 recitavit3
467 966 562 1064 cujus
585 965 736 1038 meminit
756 966 809 1039 lv
831 965 870 1039 de
888 968 999 1041 Ponto
1016 968 1057 1042 atl
1075 968 1220 1059 Carum,

153 1082 244 1179 Eleg.
265 1102 354 1172 xllt,
377 1082 425 1157 sic
441 1083 612 1158 scribens:
1170 1089 1173 1095 ’

320 1237 362 1291 Ab
375 1237 470 1306 pudet!
481 1248 508 1290 et
518 1237 609 1292 Getico
619 1237 709 1307 scripsi
718 1254 840 1292 sermone
852 1235 967 1295 libellum
980 1261 987 1303 ς

352 1327 508 1397 structaque
519 1338 578 1382 suut
589 1328 685 1382 uostris
697 1328 807 1382 harbure
816 1330 896 1383 verba
905 1329 998 1383 modis.

323 1417 358 1470 Et
367 1415 470 1487 placui,
481 1427 581 1487 grutere
589 1419 656 1472 mibi
668 1459 675 1486 ,
687 1420 804 1490 erepique
813 1430 898 1490 poeta

329 1532 331 1539 v
353 1509 427 1562 luter
437 1508 597 1564 inhumanos
608 1527 708 1564 nomen
719 1509 816 1564 habere
829 1502 918 1566 Getes.

316 1598 455 1652 Materiam
468 1601 585 1670 quoru?
597 1601 687 1655 laudes
698 1598 731 1657 de
744 1600 850 1656 Caere
861 1601 929 1656 dixit

349 1688 450 1759 Adjuta
461 1702 500 1744 est
510 1692 613 1744 novitas
625 1691 735 1746 numine
747 1701 837 1746 nostre
847 1690 909 1747 Det.

316 1778 385 1834 Nam
394 1780 475 1850 patris
487 1780 601 1852 Augusti
613 1781 691 1836 (locui
705 1783 815 1835 mortale
825 1781 905 1836 luisse

348 1867 469 1940 Corpus,
481 1870 514 1924 od
525 1870 646 1926 athenias
656 1888 758 1926 numen
772 1872 852 1928 abisse
865 1872 970 1938 domun

317 1960 380 2016 Eue
391 1981 483 2032 parem
494 1963 591 2017 virtute
603 1964 687 2034 patri,
699 1965 745 2034 qui
755 1963 830 2018 lrena
841 1977 946 2035 rogatus

349 2050 425 2122 sepe
434 2051 547 2107 recusati
558 2055 658 2124 ceperit
668 2055 786 2125 imperii:

316 2142 377 2196 Esse
388 2142 544 2212 putteemm
554 2147 665 2200 Vestam
676 2155 718 2213 te,
732 2146 819 2212 Livia,
832 2158 946 2201 matrum
959 2169 967 2212 ;

350 2235 513 2304 Ambiguum
523 2236 716 2307 condignius,
731 2256 800 2291 anne
813 2239 869 2291 viro
882 2260 888 2293 :

321 2324 384 2378 Esse
393 2325 461 2378 duos
471 2327 594 2394 juvenes,
609 2328 687 2381 lirma
700 2329 851 2397 adjumenta
864 2332 994 2400 parentis,

353 2417 408 2486 Qui
420 2418 544 2473 dederint
556 2422 633 2474 animi
646 2422 755 2493 pignora
767 2433 838 2476 certa
849 2419 896 2476 sui.

319 2508 384 2562 Hoec
395 2510 439 2562 ubi
452 2529 508 2562 non
520 2511 602 2579 patria
613 2512 711 2583 perlegi
722 2512 816 2581 scripta
830 2510 973 2581 Camoena,

348 2599 430 2652 Venit
442 2610 469 2653 et
481 2600 514 2652 ad
526 2599 619 2671 digitos
631 2602 723 2655 ultima
734 2604 823 2656 charta
835 2621 924 2656 meos:

320 2688 356 2740 Et
366 2700 458 2757 caput,
471 2701 497 2742 et
509 2690 597 2759 plenas
610 2711 702 2746 ornnes
713 2712 820 2747 movere
833 2693 980 2761 pharetras,

353 2776 389 2830 Et
398 2779 504 2850 longum
516 2780 608 2835 Getico
618 2801 742 2836 murmur
755 2785 781 2835 in
794 2803 840 2836 ore
852 2783 907 2836 luit.

325 2869 412 2939 Atque
422 2872 509 2941 aliquis
519 2913 526 2939 ,
538 2873 642 2929 Scribas
653 2875 708 2929 hmc
719 2895 801 2945 quum
813 2875 845 2929 de
859 2875 978 2944 Cessare,
991 2875 1070 2944 dixit,

356 2960 464 3016 Cauris
473 2965 583 3035 imperio
596 2966 773 3020 restituendus
785 2987 849 3021 eras.

159 3098 206 3172 De
223 3098 377 3173 Piscibus
392 3127 476 3200 opus
492 3128 562 3173 non
581 3099 737 3199 perfecit;
757 3100 796 3174 de
815 3102 937 3205 quibus
953 3119 1070 3202 postea
1088 3101 1216 3202 Oppia-

158 3245 235 3303 nus,
254 3216 413 3291 Ovidium
426 3217 590 3302 imitatus,
609 3244 710 3312 grece
726 3217 858 3318 scripsit
874 3216 914 3290 ad
928 3218 1135 3290 Antoninum
1150 3220 1218 3291 lm-

158 3350 350 3432 pcratorem.
376 3333 520 3404 Exstant
546 3347 701 3430 preterea
720 3329 824 3405 multa
847 3329 1006 3432 opuscula
1033 3332 1096 3407 sub
1120 3333 1219 3431 hujus

157 3466 261 3547 poete
280 3446 433 3533 nomine,
460 3461 500 3518 ut
521 3444 560 3518 de
582 3447 674 3521 Nuce
698 3464 731 3521 et
751 3447 969 3523 Medicamine
990 3447 1083 3523 faciei
1109 3478 1145 3523 ac
1167 3477 1220 3521 au·

159 3564 259 3652 num,
279 3564 320 3638 de
339 3561 471 3648 Police,
496 3560 537 3633 de
557 3561 703 3649 Somno,
728 3562 768 3636 de
785 3563 929 3650 Cucul0‚
957 3563 998 3637 de
1014 3566 1162 3647 Aurora,
1182 3561 1221 3633 de

160 3675 357 3767 Philomela,
369 3678 408 3753 de
422 3678 569 3765 Limace,
584 3677 623 3752 de
635 3677 776 3763 Vetula,
791 3678 831 3752 de
845 3697 986 3780 quatuor
999 3674 1221 3763 Rumoribus,

161 3791 202 3865 tle
214 3794 307 3866 Ludo
320 3792 597 3881 latrunculorum
616 3822 688 3896 qnae
699 3796 825 3881 omnia,
844 3813 1061 3899 preterquam
1078 3794 1117 3865 dc
1130 3794 1222 3866 Nuce

161 3924 196 3980 et
214 3905 256 3978 de
272 3906 491 3983 Medicamine
504 3908 618 3995 faciei,
646 3937 719 4008 quae
741 3908 879 3984 sortasse
902 3940 986 4011 puer
1011 3905 1222 4003 composuit,

164 4018 308 4096 ridicula
326 4039 420 4111 sunt,
438 4050 497 4097 nec
512 4023 630 4119 digna,
644 4040 684 4097 ut
699 4022 811 4098 divino
827 4025 969 4098 Nasonis
986 4019 1138 4113 ingenio,
1155 4050 1221 4095 non
