2768 4694
484 335 576 402 nnn
602 335 634 400 J.
661 332 886 402 ninsson.
1158 336 1218 429 157

152 495 196 552 nt
214 475 365 574 vulgares
388 473 502 548 serunt
525 473 672 562 codices,
701 502 784 574 quos
808 472 902 574 sequi
925 471 1106 562 malumus,
1130 502 1214 550 vers.

157 593 227 694 597
249 611 281 668 et
298 590 387 693 598:

317 738 459 793 solemnes
468 739 545 790 ludos
555 742 620 790 circi
626 735 771 800 celebrate,
788 734 923 804 Quirites,

350 829 414 884 Non
424 827 480 882 visa
491 837 531 881 est
542 826 639 880 sortem
651 845 729 880 scena
740 825 833 879 decere
844 826 943 879 Deum.

156 945 332 1046 exquibus
349 943 451 1020 simul
467 941 596 1017 collatis
614 941 823 1016 manifestum
840 961 908 1031 est,
927 941 1026 1015 ludos
1045 941 1223 1042 quotannis

154 1061 195 1133 ad
205 1079 245 1134 tv
262 1062 355 1135 llius
366 1061 486 1134 Mittis
500 1057 536 1130 in
546 1057 633 1130 circo
648 1056 829 1132 celebratos
843 1059 958 1131 Rome
969 1055 1089 1144 fuisse,
1101 1083 1141 1129 ex
1153 1085 1221 1160 quo

156 1229 217 1283 setis
228 1239 270 1282 est
280 1229 408 1282 meurisse
419 1232 497 1282 serre!
504 1228 662 1298 cognomina
674 1231 758 1281 Marti
767 1248 774 1280 .·
786 1228 957 1297 Persequitur
973 1230 1072 1281 Partha
1085 1233 1160 1296 signa
1175 1246 1224 1281 re-

157 1323 234 1368 tente
249 1332 327 1366 aare
339 1323 387 1366 etc.
398 1315 504 1377 ento,
516 1312 600 1366 refers
609 1316 710 1381 aquilas
721 1333 729 1364 :
745 1312 827 1367 victos
836 1330 941 1381 quoque
956 1311 1065 1380 porrigis
1080 1330 1162 1365 arcus.
1173 1312 1225 1364 Pi-

161 1412 246 1464 gnora
262 1395 318 1462 jem
333 1394 413 1449 nostri
430 1394 498 1448 nulla
511 1394 617 1464 pudoris
631 1394 724 1460 hebes,
738 1394 799 1447 Rite
816 1393 877 1448 Deo
888 1398 1058 1462 templumque
1071 1393 1162 1446 datum
1174 1412 1226 1446 no-

160 1492 278 1542 menque
288 1477 328 1527 δίε
337 1478 389 1528 ello
399 1484 445 1528 etc.
459 1496 473 1522 s
490 1475 560 1542 Qua
577 1475 598 1527 si
611 1474 660 1527 rite
673 1494 735 1528 cum
747 1473 846 1529 ceteris
863 1474 1021 1528 carminibus
1036 1473 1224 1542 conferantur,

162 1559 262 1630 liquido
273 1559 387 1630 patebit,
406 1578 573 1630 nequaquem
584 1559 647 1613 binc
659 1559 754 1630 ambigi
765 1578 856 1628 posse,
870 1582 884 1607 κ
898 1579 932 1613 an
944 1559 1038 1630 duplici
1048 1571 1225 1631 cognomento

160 1665 176 1692 s
185 1644 262 1698 Mars
272 1645 299 1697 in
311 1643 404 1698 eodem
418 1643 517 1714 templo
524 1644 558 1699 sit
564 1643 648 1698 cultus
658 1682 666 1709 ,
677 1661 711 1696 an
722 1641 776 1695 duo
785 1653 872 1696 essem
884 1642 998 1712 templa,
1011 1644 1112 1698 Ultoris
1122 1655 1150 1697 et
1163 1645 1222 1698 Bis—

158 1748 173 1774 »
184 1727 292 1795 ultoris,
304 1750 317 1775 ι
328 1737 358 1780 ut
369 1738 458 1781 censet
468 1725 591 1780 Donatus
608 1725 659 1795 (de
676 1725 741 1777 urbe
758 1725 836 1778 Rom.
848 1724 891 1777 lib.
901 1727 946 1794 ll,
959 1745 1013 1796 crp.
1024 1747 1054 1778 rr
1063 1729 1092 1794 l,
1110 1745 1224 1796 quocum

158 1812 214 1880 elii,
229 1811 405 1880 Torrentius,
424 1811 555 1878 Nardini,
568 1822 617 1865 etc.
633 1831 664 1863 ex
677 1809 797 1864 hocloco
812 1829 842 1863 ac
851 1807 940 1864 Dione
953 1811 1012 1877 (lib.
1024 1811 1098 1877 le,
1114 1831 1138 1881 p.
1153 1812 1224 1879 525)

159 1893 298 1964 colligunt,
314 1904 409 1962 prater
419 1893 470 1948 boc
483 1891 612 1961 templum
630 1893 658 1944 in
673 1892 743 1945 Foro
755 1889 875 1961 Augusto
892 1890 974 1945 Marti
985 1893 1074 1946 Ultori
1089 1911 1225 1947 conseera-

160 1990 235 2047 tum,
250 1978 321 2033 aliud
334 1978 415 2032 etiam
431 1977 571 2032 delubrum
591 1976 701 2030 minoris
714 1968 842 2047 impensis
863 1977 890 2030 in
911 1975 1041 2046 Capitolio
1061 1979 1174 2049 positum
1193 1976 1224 2030 ab

161 2063 287 2132 Augusto.
299 2062 403 2114 Verum
414 2057 527 2113 Ovidius
535 2079 618 2113 unum
627 2059 708 2112 modo
719 2059 845 2130 templum
854 2101 861 2127 ‚
874 2059 944 2129 quod
954 2060 1035 2115 Marti
1046 2060 1133 2114 Ultori
1145 2060 1226 2114 [uerit

161 2167 259 2202 sucrum
271 2166 304 2200 eo
316 2146 343 2198 in
354 2145 442 2210 Foro,
458 2163 562 2213 quoque
576 2162 700 2213 suspensa
712 2143 812 2197 luerint
822 2146 894 2214 signa
909 2146 1030 2199 Romana
1040 2164 1055 2198 a
1069 2145 1171 2199 Parthis
1182 2165 1224 2199 re-

160 2242 243 2300 cepte,
256 2229 388 2300 indigitat.
400 2228 455 2280 Dio
467 2226 589 2296 quidem,
605 2240 634 2281 ut
654 2229 801 2298 vulgaribus
820 2230 876 2297 ejus
893 2229 1024 2284 codicibus
1042 2229 1171 2298 babetur,
1191 2231 1225 2285 de

161 2314 210 2368 istis
221 2314 301 2386 signis
315 2333 397 2383 agens
409 2310 441 2364 ad
458 2330 500 2363 an.
512 2311 549 2364 U.
562 2309 593 2364 C.
609 2304 763 2380 nccxxrilv,
777 2334 829 2382 quo
848 2316 979 2386 Augustus
989 2337 1019 2371 en
1032 2318 1149 2386 recepit,
1169 2317 1224 2370 baec

162 2399 261 2468 prodit:
273 2421 285 2442 ¹«
304 2396 399 2466 Itaque
412 2407 439 2448 et
450 2394 572 2448 sacrificia
582 2396 637 2464 ejus
647 2396 684 2448 rei
698 2416 791 2461 causa,
806 2408 832 2450 et
843 2400 970 2468 templum
983 2399 1078 2453 Martis
1087 2400 1188 2454 Ultoris
1198 2401 1224 2452 in

164 2502 179 2527 ¹·
191 2481 335 2552 Capitolio,
350 2481 384 2534 ad
400 2480 574 2533 imitationem
591 2480 663 2533 Joeis
676 2481 804 2545 Feretrii,
823 2487 889 2536 Κατὰ
900 2489 926 2537 ei
937 2494 976 2538 τοῦ
988 2488 1040 2544 urle
1053 2493 1167 2560 orpnptw
1180 2492 1226 2548 ζὴ·

167 2583 181 2608 ¹·
192 2571 271 2632 tuga,
285 2583 337 2634 quo
351 2565 425 2633 signu
437 2581 467 2614 ea
480 2560 600 2615 militaria
609 2563 849 2632 suspenderentur,
868 2561 974 2616 decerni
987 2563 1077 2633 jussit,
1089 2583 1118 2616 ac
1130 2564 1225 2618 deinde

168 2648 307 2717 »porterit
319 2671 332 2695 ι
354 2650 389 2701 Ae
406 2646 449 2700 bic
466 2647 536 2702 locus
555 2647 654 2701 mendo
675 2668 730 2701 non
753 2659 838 2710 caret,
864 2646 979 2716 mihique
997 2658 1115 2713 constat,
1129 2649 1225 2717 verba,

168 2727 317 2784 Scribarum
325 2729 397 2799 culpe
405 2729 472 2782 male
483 2728 637 2795 deturbata,
652 2732 687 2784 sic
701 2750 754 2784 esse
764 2729 925 2782 restituenda
939 2751 968 2783 z«
981 2729 1123 2799 Templum
1132 2731 1226 2787 Martis

169 2834 184 2861 1
195 2811 440 2878 Ultoris,rdinstre
451 2812 516 2867 illius
531 2813 605 2866 Jovis
622 2814 734 2867 Feretrii
753 2815 780 2867 in
799 2812 945 2884 Capitolio,
964 2832 1034 2882 quo,
1052 2826 1101 2868 etc.
1118 2815 1224 2871 decerni

167 2916 182 2944 ι
191 2897 282 2967 jussit,
295 2907 340 2951 etc
355 2920 368 2943 ¹·
385 2895 460 2950 Retio
476 2908 530 2963 est,
544 2897 616 2965 quod
630 2895 758 2963 Ovidius,
779 2897 973 2966 Suetoniusque
986 2897 1017 2949 ad
1033 2898 1118 2951 solum
1131 2899 1225 2955 Martis

165 2981 291 3051 templum
303 2980 330 3034 in
343 2979 412 3035 Foro
426 2979 543 3050 Augusto
555 2988 734 3031 constructum
747 2981 865 3034 referant
878 3022 884 3046 ,
905 3000 962 3049 quae
981 2981 1075 3035 Dionis
1092 2993 1176 3038 textus
1191 2984 1224 3037 ad

165 3063 232 3117 diud
248 3065 276 3117 in
291 3061 420 3132 Capitolio
431 3064 605 3117 constitutum
618 3059 703 3113 trabit
716 3062 772 3115 Atta
783 3064 946 3131 preterimus
959 3076 1127 3136 argumenta,
1141 3086 1225 3136 quum

164 3147 189 3202 id
199 3150 260 3204 satis
270 3149 318 3204 boc
329 3148 387 3204 loco
402 3150 442 3203 sit.
458 3147 590 3202 Addimus
601 3146 697 3213 modo,
716 3148 738 3200 si
748 3148 859 3202 Nasonis
869 3169 956 3202 versus
968 3161 1100 3218 postremo
1110 3153 1224 3221 prolatus

164 3253 220 3290 eum
242 3234 285 3290 cl.
304 3235 362 3290 Nic.
383 3233 494 3288 Heinsio
511 3253 542 3285 er
560 3231 617 3284 cod.
639 3230 712 3284 MSS
727 3231 840 3303 legatur,
859 3234 960 3286 nullum
978 3235 1059 3288 Marti
1074 3257 1223 3307 cognomen

164 3318 297 3374 Burlton's
307 3338 363 3373 esse
374 3317 482 3379 datum
499 3315 545 3369 sed
557 3327 661 3384 poetam
674 3313 770 3368 ibidem
778 3325 882 3369 tantum
891 3317 984 3371 docere
995 3357 1002 3385 ,
1018 3321 1113 3374 Ulton's
1124 3342 1223 3392 cogno-

164 3419 221 3456 men
235 3402 298 3457 buic
311 3403 373 3456 Deo
386 3402 516 3456 tributum
528 3399 624 3460 luisse3
639 3397 709 3467 quod
726 3401 806 3454 semel
821 3399 910 3470 bisque
921 3403 1003 3457 sitres
1013 3424 1133 3459 romanas
1148 3407 1224 3459 ultus.

164 3483 217 3542 Nec
226 3487 339 3556 proinde
354 3485 422 3540 atiud
434 3483 608 3555 querendum
622 3495 661 3537 est
672 3483 816 3553 templum,
832 3485 904 3554 quod
917 3487 1009 3542 Martis
1021 3492 1159 3543 Bitulrorr}
1175 3510 1223 3542 vo-

167 3576 249 3620 utum
258 3568 345 3622 luerit.
360 3567 415 3622 Nec
426 3569 508 3621 etiam
519 3587 550 3618 ex
566 3564 660 3635 duplici
675 3565 773 3634 templo
785 3565 896 3636 petenda
905 3587 964 3621 cum
978 3569 1121 3623 Torrentio
1132 3589 1223 3636 causa,

169 3654 361 3703 euru-eadem
373 3653 399 3701 r'ae
408 3653 516 3704 nummu
526 3651 639 3701 omnibus
647 3648 741 3699 Martii
750 3647 922 3715 templr'sorma
933 3656 1047 3705 cernitur.
1061 3652 1092 3704 ln
1102 3650 1225 3704 omnibus

170 3730 241 3782 enim
261 3731 377 3787 Mennis
399 3732 527 3788 Ueronts
550 3733 639 3786 titulus
664 3732 776 3801 legitur;
792 3744 869 3802 etque
891 3755 972 3804 quum
988 3739 1014 3790 in
1035 3735 1167 3789 nonnullis
1181 3758 1225 3792 seu

169 3814 296 3869 columna
310 3835 372 3868 eum
386 3816 462 3886 signis
475 3817 628 3870 militaribus
643 3827 804 3882 cernantur,
822 3817 850 3870 in
866 3819 919 3872 aliis
936 3841 999 3875 vero
1017 3829 1129 3887 quatuor
1141 3821 1224 3875 solum

167 3897 299 3952 columne
311 3917 374 3952 eum
384 3899 435 3967 ipso
449 3900 539 3953 Marte
552 3901 623 3969 signa
641 3910 764 3968 gerente;
780 3899 835 3955 brec
845 3904 954 3958 varietas
967 3904 998 3956 ad
1014 3901 1095 3953 varias
1106 3902 1225 3971 ejusdem

168 3982 259 4052 templi
276 3983 356 4038 iacies
368 3983 457 4039 reteri
469 3996 561 4055 potest.
580 3985 649 4039 Vide
663 3985 807 4054 Nostrum,
826 3988 894 4042 Fast.
906 3988 948 4042 lib.
964 3988 998 4048 V.
1012 4002 1077 4037 vers.
1091 3987 1225 4050 sti-5662

167 4064 246 4120 'trine
256 4065 300 4118 lib.
311 4063 353 4130 ll,
368 4082 435 4117 vere.
444 4071 498 4138 ²⁹⁵·
