2768 4694
207 376 251 460 ot
476 378 515 440 Ρ.
554 375 738 442 ovmrr
767 375 993 444 uasoms

369 523 470 592 Ecquid
483 533 610 592 preterea
622 524 768 593 peccarim,
784 543 901 593 querere
914 525 981 591 noli,

402 614 441 668 Ut
453 624 539 684 pateat
550 614 604 667 sola
618 612 693 682 culpa
705 615 754 667 sub
767 614 832 668 Arte
845 634 912 668 mea.

207 750 369 827 Exsulaus
386 767 494 823 autem
508 748 543 821 iu
557 748 640 823 locis
654 748 840 850 asperrimis
860 767 894 823 et
906 747 1173 849 perinhumanis,
1190 779 1280 854 saepe

206 888 245 945 ut
256 867 370 944 saltem
379 866 412 940 in
424 866 587 940 mitiorem
599 866 710 940 locum
724 864 941 960 relegaretur,
955 861 1067 964 petiit3
1088 893 1279 967 quanquam

172 1073 174 1076 Α
206 984 257 1061 vel
271 984 398 1058 veniam
411 982 662 1082 impetraturum
677 1011 710 1056 se
727 982 769 1055 ab
787 983 989 1081 Imperatore
1005 979 1182 1083 sperabat:
1198 1012 1279 1083 qua·

205 1118 352 1203 propter,
368 1128 407 1173 eo
424 1115 579 1185 mortuo,
597 1097 632 1169 in
649 1098 697 1168 lv
716 1096 756 1169 de
777 1097 905 1185 Ponto,
920 1094 973 1169 Et.
991 1116 1050 1185 vt,
1067 1097 1114 1173 sic
1127 1097 1220 1172 dolet
1237 1129 1245 1170 ε

369 1254 492 1323 Coeperat
507 1255 639 1322 Augustus
651 1253 766 1323 decepte
778 1252 910 1323 ignoscere
923 1253 1021 1324 culpt03
1035 1276 1039 1283 ’

399 1344 482 1412 Spem
496 1351 630 1407 nostram,
643 1351 725 1395 terras
735 1342 901 1413 deseruitque
913 1343 999 1398 simul.

369 1432 456 1502 Quale
471 1443 559 1485 tamen
571 1431 660 1499 potui,
674 1430 706 1483 de
719 1430 813 1492 coelite,
828 1434 928 1498 Brute,
941 1433 1040 1486 receuti

401 1510 496 1575 Vestra
507 1520 597 1590 procul
610 1519 707 1588 positus
720 1539 825 1573 tarmen
838 1521 865 1574 in
879 1541 925 1574 ora
938 1521 1007 1576 dedi.

368 1612 438 1681 Quoe
453 1611 534 1680 prosit
546 1611 627 1680 pietas
638 1611 739 1664 utinam
752 1610 834 1677 mihi,
847 1612 932 1680 sitque
943 1614 1074 1667 malorum

399 1703 461 1756 Jam
472 1701 583 1767 modus,
596 1711 623 1754 et
634 1721 713 1756 sacre
724 1702 815 1755 mitior
826 1702 864 1755 ira
875 1702 970 1757 domus
982 1707 988 1757 !

205 1850 240 1907 et
256 1832 290 1905 in
316 1829 450 1918 eodem,
476 1826 618 1928 Epistol.
646 1847 701 1916 tx,
718 1858 842 1903 numen
858 1831 1003 1927 Augusti
1020 1852 1134 1929 rogat,
1153 1852 1191 1906 ut
1207 1836 1276 1911 sibi

206 1950 417 2043 ignoscatur3
435 1946 615 2046 prasertim
634 1974 736 2046 quum
753 1945 793 2020 de
811 1944 869 2018 illo
882 1974 969 2019 novo
985 1949 1057 2020 Deo
1074 1947 1160 2022 sacto
1177 1949 1276 2024 libel-

207 2061 276 2136 lum
294 2061 489 2163 scripserit:
508 2060 554 2131 ait
571 2061 656 2132 enim
676 2092 683 2131 :

369 2216 412 2268 Tu
424 2225 496 2269 certe
511 2216 558 2267 seis
569 2215 639 2281 hec,
653 2214 752 2284 superis
764 2214 876 2281 adscite,
890 2216 1012 2286 ridesque
1023 2257 1030 2284 ,

406 2306 511 2374 Cae'sar,
527 2318 556 2360 ut
566 2318 605 2361 est
617 2308 696 2360 oculis
707 2306 809 2360 subdita
821 2319 890 2361 terra
903 2310 960 2363 tuis.

370 2400 414 2452 Tu
425 2409 525 2452 nostras
538 2398 611 2452 audis
623 2400 693 2451 inter
704 2418 816 2452 convexa
829 2403 926 2454 locatus

405 2489 514 2556 Sidera,
527 2490 636 2543 sollicito
651 2508 713 2558 quas
727 2488 819 2543 damus
830 2510 875 2544 ore
889 2511 984 2560 preces.

373 2579 534 2633 Pervenient
546 2578 643 2631 illucet
657 2579 772 2631 earmina
785 2582 892 2634 forsitan
905 2581 961 2648 illa,

405 2672 475 2738 Quae
486 2668 518 2723 de
531 2680 556 2722 te
567 2668 654 2737 scripsi
667 2668 748 2722 melite
758 2669 825 2723 sacta
836 2690 914 2724 novo.

370 2761 496 2830 Auguror
506 2743 637 2826 his⁰igitur
649 2757 719 2811 flecti
730 2769 775 2813 tua
786 2763 912 2815 numina:
923 2781 971 2816 nec
984 2775 1011 2817 tu

405 2850 543 2905 Immerito
555 2869 654 2903 nomen
667 2851 731 2904 mite
745 2855 860 2920 parentis
872 2853 958 2906 habes.

211 2980 351 3080 Scripsit
369 2994 443 3052 ante
470 2975 619 3051 exsilium
641 2978 823 3052 Heroidum
842 2977 995 3076 epistolas
1019 2977 1198 3080 plurimas;
1229 2986 1272 3058 de

209 3095 390 3171 Amoribus
407 3094 448 3166 ad
467 3092 647 3166 Corinnam
665 3092 769 3168 libros
791 3097 831 3180 V,
849 3120 933 3192 quos
950 3110 1062 3194 postea
1080 3094 1271 3191 diligentius

209 3213 397 3310 recognitos
413 3213 448 3284 iu
467 3228 533 3282 tres
549 3211 695 3307 redegit,
713 3211 803 3310 quod
820 3210 867 3283 sic
883 3209 952 3312 ipse
975 3212 1009 3283 in
1023 3215 1038 3284 Ι
1054 3217 1242 3290 eorumdem
1261 3252 1269 3292 ε

371 3366 427 3436 Qui
439 3365 519 3418 modo
530 3366 640 3421 Nasonis
652 3365 785 3420 fueramus
796 3367 910 3435 quinque
922 3365 1018 3433 libelli,

403 3458 470 3511 Tres
482 3478 571 3511 sumus
581 3479 587 3512 ε
599 3457 648 3513 hoc
659 3458 694 3512 illi
705 3456 816 3529 pratulit
827 3469 916 3511 auctor
926 3477 998 3528 opus.

210 3591 261 3663 lle
276 3587 356 3659 Arte
373 3583 534 3668 Amandi,
552 3581 658 3657 libros
676 3602 756 3668 tres;
772 3582 810 3656 de
823 3584 984 3657 Remedio
997 3587 1144 3673 timoris,
1159 3585 1267 3666 libros

211 3704 322 3786 duos;
345 3698 671 3772 Transmutationum
696 3698 800 3773 libros
828 3700 1038 3798 quindecim:
1059 3732 1168 3802 quos,
1192 3708 1268 3805 quia

209 3846 277 3890 uon
296 3813 539 3899 emendaverat,
558 3831 627 3885 tum
644 3815 762 3900 iratus,
780 3831 818 3885 ut
833 3814 902 3912 ipse
921 3816 985 3901 ait,
1004 3817 1132 3906 studio,
1151 3822 1267 3892 earmi-

210 3932 375 4033 nibusque
391 3928 476 4012 suis,
496 3956 597 4027 quum
609 3930 735 4002 Tomos
755 3927 970 4023 relegaretur,
988 3961 1044 4006 sua
1061 3965 1159 4009 manu
1177 3962 1267 4006 com-

210 4049 337 4137 bussit,
355 4077 429 4122 cum
445 4042 517 4120 aliis
533 4044 730 4145 quibusdam
746 4044 933 4145 placituris;
944 4048 1002 4123 sed
1020 4052 1097 4151 quia
1113 4050 1267 4150 exscripti
