2768 4694
172 399 233 484 164
489 404 528 467 r.
561 402 905 470 ov1o11v1rs

165 560 243 646 post
261 541 403 640 priorem
419 537 537 614 horum
553 540 714 614 librorum
736 541 913 628 editionem
930 538 1059 613 addidit
1074 542 1222 618 secunde

166 660 227 733 sub
241 659 310 731 boc
322 673 470 758 tempora
484 656 595 745 lacte,
613 685 715 757 quum
730 657 872 732 Ovidius
887 658 953 756 jam
969 657 1223 761 quadragenam

164 790 288 960 essdlis
305 904 383 960 sunt
398 884 572 987 ipsiusmet
591 885 704 959 Ovidii
729 887 937 973 testimonia,
957 887 1083 987 quibus
1106 887 1222 964 diserte

164 992 348 1101 profitetur,
361 1027 395 1073 se
411 998 594 1099 Tragoedias
610 999 789 1100 scripsisse.
806 1000 860 1072 Sic
871 1001 972 1073 Trist.
991 999 1052 1073 lib.
1072 1003 1126 1088 11,
1142 1030 1221 1076 vers

166 1114 236 1216 519
252 1133 285 1189 et
303 1114 388 1199 520,
406 1112 447 1186 ad
463 1114 652 1207 Augustum
669 1145 676 1185 ε

322 1259 356 1312 Et
367 1277 424 1311 mea
436 1268 496 1310 sunt
508 1258 603 1328 populo
613 1261 710 1311 saltata
714 1268 834 1326 murata
845 1279 927 1330 sepe:

356 1349 431 1420 Seps
444 1349 531 1403 oeulos
541 1350 621 1402 etiam
633 1349 771 1404 detinuere
785 1363 850 1406 tuos

162 1468 302 1543 inferius
319 1491 417 1548 vero,
434 1491 515 1536 vers.
538 1461 607 1534 553
625 1481 657 1536 et
675 1463 768 1557 554:

225 1602 231 1611 ¹
323 1611 359 1664 Et
370 1609 490 1664 dedimus
499 1615 602 1678 tmgrbr's
613 1611 737 1681 scriptum
750 1613 836 1684 regale
847 1618 990 1671 cothurnis:

354 1701 474 1770 Quaque
486 1700 570 1770 gravis
581 1700 659 1755 debet
671 1703 750 1756 verba
760 1707 895 1758 cothurnus
909 1705 994 1762 babet

158 1821 304 1895 Tandem
321 1837 354 1893 et
368 1818 468 1891 'l'rist
489 1817 545 1890 lib.
565 1821 608 1906 V,
622 1819 715 1916 Eleg.
736 1839 811 1908 vtt,
828 1850 908 1897 vers.
927 1824 1058 1900 2548:

322 1964 447 2018 Carmina
459 1962 529 2032 quod
541 1964 620 2032 pleno
630 1969 726 2019 saltan'
734 1978 821 2021 nostra
832 1971 944 2032 theatro,

351 2053 477 2107 Versibus
488 2064 514 2105 et
527 2054 614 2122 plaudi
627 2055 730 2122 scribis,
742 2055 840 2124 amice,
853 2059 933 2122 meis;

318 2144 361 2198 Nil
374 2142 497 2212 equidem
509 2142 558 2196 leci
572 2147 582 2210 (
589 2153 616 2196 tu
627 2144 675 2197 scis
688 2142 738 2198 hoc
749 2144 821 2213 ipse)
835 2150 940 2201 theatra.

157 2276 311 2371 Legimus
326 2299 443 2371 nempe
460 2271 523 2344 boc
543 2288 711 2372 postremo
727 2299 822 2345 versu
839 2302 906 2347 non
924 2274 1069 2363 theatris,
1092 2299 1130 2353 ut
1144 2281 1218 2355 vul·

159 2419 252 2487 gares
279 2387 354 2460 libri
376 2387 507 2470 ferunt,
531 2387 589 2461 sed
612 2385 739 2460 theatro.
766 2389 896 2463 Etenim
914 2419 952 2464 ex
970 2409 1042 2464 toto
1062 2415 1219 2472 contextu

155 2503 364 2579 manifestum
381 2518 447 2588 est,
465 2499 621 2574 Ovidium
640 2502 787 2576 nonsibi
803 2503 900 2590 velle,
919 2531 953 2577 se
969 2504 1051 2576 nihil
1067 2508 1215 2598 theatris,

156 2620 191 2693 id
204 2636 273 2705 est,
289 2616 331 2692 ad
346 2614 483 2699 theatro,
502 2613 552 2687 vel
570 2613 659 2714 quod
675 2615 799 2689 theatris
815 2617 1001 2706 saltantur,
1020 2622 1216 2722 scripsisse;

158 2733 215 2807 sed
240 2732 373 2805 omuino
399 2727 603 2825 significare,
627 2756 661 2804 se
687 2731 783 2806 nihili
802 2735 925 2826 secun,
955 2763 1013 2808 seu
1040 2738 1219 2815 aestimasse

156 2844 282 2919 theatro.
302 2827 411 2943 Quem
427 2872 557 2920 sensnm
576 2847 696 2921 evincit
711 2866 744 2922 et
758 2849 963 2951 subsequens
980 2855 1159 2930 versiculus
1175 2890 1183 2930 :

319 2991 397 3045 Musa
408 3010 457 3044 nec
469 2990 495 3042 in
510 2990 612 3058 plausus
626 2993 760 3048 ambitiosa
771 3013 828 3047 mea
840 3006 894 3061 est,
907 3007 956 3050 etc.

206 3115 262 3184 lv.
280 3111 334 3184 Ad
351 3139 386 3185 ea
401 3140 503 3212 porro
519 3114 633 3213 tragico
648 3118 804 3205 earmina,
823 3146 894 3217 quae
911 3122 1067 3197 antehoc
1084 3141 1216 3225 tempus

158 3244 301 3326 eoeperat
319 3226 472 3327 quidem,
496 3227 552 3301 sed
568 3229 613 3302 ob
629 3234 786 3306 amatoria
809 3262 876 3307 nou
897 3236 1105 3330 absolverat,
1133 3245 1214 3320 rele-

154 3341 290 3415 rendum
307 3341 399 3441 quod
416 3340 518 3416 babet
530 3343 645 3416 Amor.
663 3342 722 3418 lib.
741 3347 904 3444 11‚Eteg.
922 3371 953 3438 1,
973 3384 991 3427 a
1008 3384 1090 3429 vers.
1113 3385 1153 3429 rr
1170 3391 1177 3431 :

316 3486 403 3539 Ausus
413 3505 487 3539 eram
498 3526 506 3553 ,
519 3487 643 3554 memini,
658 3487 766 3544 celestia
779 3492 864 3548 disere
875 3494 956 3560 bella,

352 3575 593 3646 Centimanumque
606 3576 716 3650 Gygem
728 3592 755 3634 et
766 3584 827 3637 satis
838 3584 889 3638 oris
900 3599 956 3640 erat
967 3608 972 3641 :

320 3663 413 3732 Quum
428 3667 496 3720 male
507 3687 534 3720 se
547 3667 637 3722 Tellus
647 3669 700 3722 ulta
712 3681 768 3736 est,
781 3673 930 3742 ingestaque
943 3677 1058 3749 Olympo

351 3753 441 3806 Ardua
453 3754 580 3810 devexum
591 3758 684 3812 Pelion
694 3757 762 3813 Ossa
774 3765 840 3816 tulit.

314 3842 347 3895 ln
360 3841 481 3895 manibus
492 3846 609 3913 nimbos,
622 3858 719 3902 etcum
731 3851 799 3906 Jove
809 3852 908 3910 fulmen
921 3857 1044 3928 habenti,

349 3929 433 4000 Quod
444 3929 511 3986 bene
523 3953 572 4003 pro
582 3936 645 3990 eselo
655 3937 772 3994 mitteret
782 3943 823 3997 ille
833 3964 894 4011 suo,

314 4021 415 4075 Clausit
425 4021 508 4076 amics
518 4021 587 4079 sores
598 4047 605 4079 ι
615 4046 665 4098 eqo
674 4047 736 4082 cum
747 4032 814 4086 Jove
827 4033 926 4090 fulmen
937 4037 1027 4100 omisi,
1041 4051 1086 4093 etc¹

313 4108 454 4166 blanditias
464 4110 600 4182 elegosque
610 4116 692 4184 leves,
706 4139 766 4177 mea
778 4122 845 4191 tels,
858 4129 981 4194 resumi,
994 4137 1042 4180 ete.
