2768 4694
480 330 736 409 ntovlnlt
760 343 885 424 IB1N.
1172 343 1217 414 '53

154 515 173 548 s
195 482 265 556 eior
280 479 453 554 invenitur.
472 514 488 544 »³
508 480 588 552 Ideo
604 479 752 581 Raphael
770 480 1019 571 volaterranus,
1035 483 1219 586 Anthropo-

153 599 258 700 Iogrit,
274 595 332 670 lib.
351 597 455 683 XXI,
474 595 612 690 dignum
630 625 724 683 eum,
749 614 788 669 ut
806 597 846 669 de
867 597 973 671 Coelio
992 599 1220 695 Quintilianus

155 714 214 801 ait,
226 711 290 786 rita
298 709 463 807 longiore,
472 711 609 806 ingenio
622 728 730 784 tamen
742 708 875 784 meliore
887 711 1092 786 existimarit.
1103 715 1220 812 Quum

155 831 241 904 enirn
257 829 463 926 trigesimum
480 844 634 927 quartum
652 827 756 900 atatis
772 854 893 899 annum
909 827 1090 922 attigisset,
1104 831 1221 906 Romae

157 943 358 1046 pestilentia,
372 941 424 1016 rel
438 959 478 1015 ut
489 942 606 1015 Jorius
618 959 715 1014 autor
729 960 797 1028 est,
816 943 907 1017 febre
921 961 1110 1044 correptus,
1125 946 1220 1020 obiit.

155 1063 217 1138 Ille
235 1065 306 1164 ipse
323 1078 394 1148 est,
413 1086 511 1159 quem
528 1057 567 1132 de
582 1058 740 1133 sacrificio
757 1058 833 1147 illo,
848 1061 939 1160 quod
958 1061 1138 1157 Gregorius
1154 1067 1221 1140 Na·

157 1179 333 1252 ziauaenus
350 1183 524 1268 ἀναίματον
542 1183 666 1262 θυσίαν,
682 1175 839 1275 Synesius
852 1182 963 1256 τελετὴν
980 1183 1144 1277 ἀπόῤῥητον
1160 1208 1221 1253 ro-

160 1318 257 1387 cant,
274 1299 359 1372 male
378 1298 566 1374 sentientem
582 1298 800 1401 politissimus
810 1297 866 1375 ille
879 1300 1063 1376 Politianus
1074 1302 1140 1377 hoc
1152 1303 1222 1405 epi·

165 1431 341 1510 grammate
356 1413 545 1488 facetissime
563 1414 728 1488 traduxit:

355 1570 438 1630 Audit
451 1571 584 1627 Manilius
594 1573 720 1637 Missam
731 1572 836 1626 missam
847 1572 910 1627 facis
920 1572 991 1627 illam

387 1663 445 1729 Tu,
459 1663 562 1718 Domiti
572 1682 579 1717 z
588 1664 671 1734 magis
684 1673 723 1717 est
733 1662 875 1733 relligiosus
887 1662 967 1717 uter?

358 1751 428 1823 Quis
440 1752 556 1808 dubitet?
570 1763 684 1808 tantors
695 1764 723 1807 tu
736 1753 889 1824 relligiosior
901 1753 960 1818 illo,

389 1843 500 1913 Quanto
511 1845 603 1899 audire
615 1845 703 1899 minus
717 1855 756 1900 est
768 1845 855 1913 bona,
868 1864 947 1915 quam
960 1845 1053 1900 facere.

163 1975 272 2051 Nolim
287 1997 398 2054 autem
416 1982 551 2070 referre,
569 1982 658 2084 qnod
672 1981 713 2056 de
727 2008 766 2055 eo
779 1981 966 2056 Ludovieus
984 1982 1102 2071 Vives,
1118 1980 1221 2056 lih.·tl

163 2088 200 2164 de
213 2091 252 2164 V
247 2094 353 2167 eritore
368 2094 467 2170 tutta·
474 2155 483 2180 ‚
502 2097 536 2169 in
553 2096 640 2169 hanc
656 2124 723 2169 rem
734 2095 902 2196 prodidit,
917 2125 957 2170 ne
970 2096 1042 2197 pias
1054 2096 1222 2171 christiani

163 2204 293 2282 lectoris
312 2239 405 2285 aures
428 2210 576 2285 laeserim.
595 2213 756 2288 Caeterum
777 2242 845 2285 non
863 2213 967 2288 multo
984 2233 1063 2316 post
1080 2212 1226 2314 eamdem

164 2325 365 2422 provinciam
381 2328 527 2429 suscepit
543 2327 803 2427 Christophorus
824 2331 977 2403 Zarottus
1000 2325 1224 2431 Justiuopoli-

165 2457 275 2529 tanus,
293 2442 351 2514 cui
366 2458 584 2517 transversum
599 2472 742 2538 unguem
767 2473 784 2516 a
808 2447 925 2519 veteris
942 2446 1130 2547 interpretis
1146 2463 1223 2520 seu-

167 2556 265 2632 teritia
280 2557 444 2633 discedere
460 2557 577 2653 religio
595 2576 665 2633 est:
683 2586 748 2658 qua
761 2559 863 2666 'etiam
881 2575 1090 2660 tempestate,
1108 2587 1226 2659 nempe

167 2699 251 2746 anno
263 2672 438 2747 millesimo
450 2674 713 2774 quingentesimo
727 2672 976 2759 decimosexto,
988 2672 1227 2746 AndreaeNau-

170 2785 253 2879 gerii
265 2787 516 2875 annotationes,
525 2785 737 2861 dedrtersiute
749 2786 936 2872 lectionum,
951 2788 984 2859 in
995 2787 1103 2861 omnia
1112 2785 1226 2862 Ovidii

169 2929 272 3002 opera
296 2901 444 2977 Venetiis
463 2903 668 3003 prodierunt.
697 2903 780 2975 Post
793 2901 913 3003 paulo,
930 2902 1079 2978 Jodocns
1103 2903 1227 2977 Badius

168 3018 347 3093 Ascensius
370 3019 405 3090 in
425 3019 560 3092 Domitii
582 3017 681 3089 rerba
707 3017 850 3114 juratus,
873 3017 961 3090 hunc
981 3017 1128 3092 libellum
1146 3020 1229 3092 tiro·

168 3138 269 3211 nibus
285 3135 457 3210 enarravit.
475 3135 553 3207 Fuit
566 3130 621 3205 ille
635 3132 873 3233 typographus,
890 3133 970 3206 etin
987 3133 1042 3206 illa
1059 3152 1130 3207 tum
1147 3131 1240 3208 cele·

168 3252 308 3328 berrima
318 3252 459 3328 Lutetiae
472 3269 522 3332 τῆς
533 3258 698 3344 οἰκουμένης
715 3256 849 3344 ἐπιτομῆς
863 3249 1055 3337 Academia,
1067 3277 1229 3345 gramm-

168 3375 248 3449 tices
271 3371 460 3473 professor,
479 3369 539 3443 ubi
565 3367 757 3455 familiares,
776 3385 815 3440 ut
830 3367 901 3467 ipse
919 3367 1083 3467 loquitur,
1101 3365 1233 3467 exposi-

168 3489 275 3561 tiones
293 3488 331 3561 in
347 3503 522 3570 auctores,
552 3512 653 3584 quum
670 3499 816 3568 veteres,
844 3498 913 3553 tum
933 3498 1097 3568 recentes,
1124 3505 1232 3580 prope

170 3598 423 3679 innumerabiles
440 3597 555 3672 edidit.
579 3596 673 3692 Quin
691 3595 787 3668 etiam
811 3593 962 3694 Baptista
985 3592 1147 3687 Egnatius
1164 3591 1234 3661 Ve-

172 3733 283 3805 netus,
298 3720 349 3792 nir
364 3734 458 3790 aetate
482 3742 539 3787 sua
562 3711 672 3807 magni
695 3710 856 3796 nominis,
876 3709 1034 3782 brevibus
1051 3708 1121 3781 suis
1138 3720 1234 3778 nota-

172 3830 323 3904 tionibus
343 3859 412 3904 non
431 3857 547 3931 pamm
579 3826 729 3921 caliginis
747 3824 825 3897 inde
850 3823 997 3899 sustulit.
1030 3825 1113 3895 Post
1142 3816 1236 3893 illum

173 3945 292 4021 Guido
315 3946 530 4033 Morillonus,
549 3971 648 4044 quem
666 3941 832 4015 Adrianus
848 3941 971 4015 Junius
997 3937 1103 4007 virmu
1121 3931 1236 4007 multi·
1353 3984 1360 3994 -

170 4062 246 4161 juga
264 4057 433 4151 doctrina,
451 4075 486 4132 et
498 4055 669 4132 omnifaria
687 4053 847 4140 lectione,
864 4071 964 4152 atque
978 4044 1194 4122 humanitatis
1206 4065 1239 4122 et
