2752 5136
170 740 231 805 136
495 739 534 801 P.
562 736 737 805 0v1D11
766 734 891 801 VITA

163 890 260 976 qnet,
288 871 328 946 de
343 872 431 946 dulia
452 901 520 945 non
535 900 634 973 posse
652 871 814 967 intelligi,
843 869 932 972 qnod
949 867 1091 943 Ovidius
1106 867 1148 941 de
1165 896 1230 944 sna

161 990 307 1065 Corinna
334 988 605 1080 medicaminibus
626 987 779 1061 abortum
803 987 941 1059 faciente
965 983 1076 1070 canit,
1103 984 1225 1059 Amor.

162 1107 218 1185 iib.
236 1108 287 1192 tl,
306 1105 399 1201 Eleg.
418 1124 483 1180 xlll
500 1123 534 1180 et
550 1125 623 1181 xlv.
651 1104 747 1179 Adde
766 1132 839 1179 cum
855 1101 943 1177 Atto
960 1101 1139 1188 Manutio,
1155 1103 1246 1177 Na-·

163 1246 277 1293 sonem
295 1218 335 1291 de
353 1218 422 1292 sois
439 1246 513 1291 cum
531 1218 676 1292 Corinna
698 1217 868 1292 amoribus
891 1243 928 1288 ea
956 1241 1026 1287 non
1043 1213 1225 1315 relaturum

161 1335 283 1419 suisse,
298 1359 369 1432 que
384 1332 448 1427 jam
460 1334 496 1406 in
508 1332 622 1406 exsilio
631 1333 801 1434 prodicta,
812 1333 914 1406 Trist.
928 1330 986 1403 tib.
999 1332 1057 1417 Ν,
1069 1327 1162 1425 Eleg.
1181 1352 1223 1421 x,

162 1449 345 1539 scribebat,
363 1448 390 1521 si
408 1448 539 1548 quidem
555 1446 610 1523 itta
628 1449 696 1547 ejus
711 1447 847 1522 miseriae
861 1465 894 1520 et
906 1444 1013 1520 exsilii
1028 1473 1124 1520 cansa
1142 1444 1223 1519 fnis-

162 1583 220 1641 set.
240 1564 339 1638 Plura
356 1563 501 1638 dicemus
517 1564 559 1637 ad
574 1593 625 1639 aa.
647 1567 687 1637 U.
708 1565 745 1636 C.
762 1581 911 1638 DCCLxll.

558 1731 821 1751 mmm

258 1925 339 1976 Anno
352 1932 412 1976 sate
426 1920 461 1981 C.
471 1939 524 1988 xx,
538 1922 574 1976 U.
588 1920 620 1974 C.
633 1936 784 1987 oneratum
797 1920 905 1989 Ovidii,
918 1937 989 1975 xxrrr
1000 1931 1027 1974 et
1040 1936 1115 1974 mv.

361 2062 401 2115 M.
414 2061 600 2128 APULEIO,
614 2063 645 2115 P.
656 2060 754 2116 SILIO
767 2061 896 2116 NERVA
911 2059 1015 2115 COSS.

208 2205 235 2274 1.
263 2198 568 2297 QUANDOQUIDEM
584 2231 690 2278 annus
715 2204 818 2278 atatis
846 2220 933 2276 xxtv
960 2217 1047 2274 recte
1070 2208 1078 2238 ¹
1101 2196 1219 2300 Lipsio

160 2316 292 2390 videtur
305 2316 471 2412 legitimus
485 2318 525 2392 ad
539 2319 713 2419 petendam
727 2336 943 2419 quaestnram,
958 2343 1029 2416 qaae
1041 2315 1168 2416 primns
1183 2315 1219 2387 in

161 2450 274 2506 senatu
293 2435 412 2528 gradus
429 2434 507 2519 suit,
525 2433 601 2506 inde
618 2434 695 2509 licet
711 2435 752 2506 ad
770 2433 839 2505 baec
854 2432 984 2505 circiter
1000 2448 1150 2531 tempora
1166 2458 1218 2502 re-

158 2546 243 2619 serre
268 2549 358 2648 quod
381 2548 522 2621 Ovidius
538 2549 577 2621 de
595 2578 653 2622 sua
669 2564 780 2621 narrat
797 2545 950 2619 senatorii
971 2544 1095 2617 ordinis
1112 2546 1218 2644 ejura-

160 2663 268 2749 tione,
289 2691 389 2762 quum
404 2663 488 2759 jam,
515 2664 700 2737 honoribus
718 2661 760 2734 ad
777 2687 849 2732 eum
867 2659 1014 2733 ordinem
1030 2660 1219 2735 necessariis

161 2797 237 2852 ante
261 2779 421 2879 peractis,
448 2778 530 2850 nihil
549 2777 637 2851 aliud
655 2794 857 2878 superesset,
878 2805 973 2877 quam
993 2795 1030 2848 ut
1047 2777 1218 2852 interesset

156 2895 267 2979 currit,
295 2894 358 2967 boc
374 2909 444 2978 est,
466 2892 603 2992 primam
621 2893 655 2964 in
670 2910 783 2966 senatu
802 2892 994 2997 dignitatem
1013 2894 1215 2993 susciperet,

158 3008 256 3083 sicuti
274 3008 436 3105 significat
451 3008 503 3080 his
516 3007 617 3079 Trist.
636 3006 694 3079 lib.
712 3009 774 3095 Ν,
789 3006 881 3103 Eieg.
898 3029 939 3094 x,
958 3033 1039 3078 vers.
1058 3004 1194 3100 35-40:

323 3163 419 3217 Curua
432 3160 560 3216 restabat:
574 3165 644 3213 clavi
652 3179 773 3214 mensura
786 3173 877 3215 coacta
889 3171 935 3214 est.

351 3255 441 3321 Maius
452 3261 507 3306 erat
520 3252 614 3304 nostris
627 3251 722 3308 viribus
733 3252 797 3305 ittud
810 3271 885 3305 onus.

317 3345 374 3397 Nec
386 3344 486 3412 patiens
496 3360 603 3409 corpus,
616 3360 665 3396 nec
677 3361 752 3396 mens
763 3342 815 3395 suit
827 3352 886 3409 apta
897 3341 997 3408 labori,

351 3433 523 3501 Sollicitatque
535 3430 613 3501 fugax
624 3433 771 3487 ambitionis
782 3450 868 3486 eram:

320 3522 354 3577 Et
367 3533 456 3592 petere
471 3520 563 3574 Aonie
575 3523 717 3576 suadebant
730 3534 785 3576 tuta
797 3540 898 3575 sorores

348 3614 425 3681 Otia,
438 3612 536 3683 judicio
547 3632 651 3684 semper
662 3625 747 3668 amata
759 3634 827 3668 meo.

154 3749 274 3821 Forum
293 3765 399 3821 autem
418 3747 509 3820 con'oe
534 3748 667 3821 nomine
684 3777 752 3821 non
769 3769 819 3823 est
841 3778 915 3823 cum
931 3747 1097 3823 nonnullis
1113 3750 1213 3825 intel-

152 3861 330 3958 ligendum.
352 3862 416 3935 Sed
437 3882 473 3935 ur
490 3864 595 3936 Varro
614 3874 625 3902 ²
646 3862 782 3937 definit:
798 3900 814 3929 «
831 3867 938 3940 Curiae
956 3867 1097 3941 duorum
1114 3897 1213 3963 gene·

155 4012 172 4044 »
192 4006 265 4051 rum
280 4006 287 4064 ;
307 4006 380 4050 nam
400 3994 432 4050 et
448 3976 507 4050 ubi
519 3997 673 4052 curarent
687 3979 870 4055 sacerdotes
882 4008 935 4054 res
950 3982 1091 4070 divinas,
1106 4002 1144 4058 nt
1157 4014 1211 4061 cn·

156 4127 174 4159 »
194 4093 249 4166 riae
264 4108 407 4182 veteres,
425 4110 458 4166 et
474 4093 533 4166 ubi
550 4113 681 4168 senatus
697 4095 872 4183 humanas,
890 4113 928 4169 ut
944 4097 1032 4170 curia
1051 4099 1209 4187 Hostilia,

182 4290 189 4319 ¹
208 4286 313 4341 Etcum.
323 4285 351 4339 in
364 4285 446 4339 Tacit.
458 4287 554 4340 Annal.
562 4288 604 4341 lib.
618 4288 660 4344 111
670 4328 679 4355 ,
690 4289 721 4342 B.
731 4299 759 4342 et
772 4290 826 4343 Lib.
835 4290 868 4344 de
880 4291 998 4360 Magistr.
1011 4291 1089 4345 Rom.
1099 4292 1186 4363 capd.

181 4377 194 4406 ²
211 4376 266 4429 Lib.
277 4377 318 4429 tv
330 4375 363 4429 de
376 4374 450 4444 Ling.
463 4376 536 4443 Lac,
549 4389 576 4431 et
593 4378 635 4431 lib.
650 4381 689 4432 V:
702 4400 716 4426 «
729 4378 825 4446 Curia,
843 4381 886 4435 ubi
900 4393 1005 4437 senatus
1017 4400 1102 4453 remp.
1121 4390 1207 4449 curat,

148 4478 164 4505 ν
176 4471 204 4513 et
215 4461 259 4514 ubi
274 4479 335 4516 cura
346 4479 479 4515 sacrorum
491 4459 607 4529 publicu
622 4461 653 4515 ab
665 4460 704 4514 his
715 4462 844 4517 curiones.
856 4484 870 4512 a
