2768 4694
484 343 537 410 ut
559 344 737 417 ovtou
761 345 879 412 mm.
1166 349 1211 442 o,

153 493 246 567 Naso
263 489 337 586 jure
351 485 386 570 in
402 485 512 585 ipsum
529 486 695 573 invectus,
711 484 947 560 Callimachum
959 485 1080 566 imitati
1089 487 1215 577 voluit;

156 601 284 683 seilicet
293 619 331 676 ut
346 600 402 676 ille
413 598 656 701 Apollonium,
673 602 763 705 quod
776 601 1017 677 Alexandrinus
1025 621 1127 692 esset,
1140 605 1218 678 lbin

157 717 351 820 adpellavit,
368 718 443 820 ipsc
456 717 580 818 pariter
592 718 780 817 Hyginum,
795 718 853 819 qui
866 747 884 792 a
897 718 1066 793 nonnullis
1074 717 1219 795 Alexan-

159 833 275 925 dripere
285 832 502 922 babitusest,
518 831 595 907 lbiu
608 831 775 905 vocitaret.
788 831 1035 907 Advertendum
1047 849 1219 933 preterea,

160 944 251 1048 quod
260 946 350 1021 lbidi
364 974 440 1020 cum
454 947 586 1033 Nasone
599 945 653 1043 jus
667 964 792 1020 arctum
804 944 1056 1022 necessitudinis
1066 947 1220 1035 interces-

160 1081 264 1157 serat,
282 1082 322 1147 ut
336 1091 380 1137 ex
392 1061 451 1151 his.
464 1058 593 1161 liquido
608 1078 701 1161 patet
715 1091 722 1132 :

202 1262 207 1271 Ι
330 1199 446 1255 Desinet
455 1218 511 1255 esee
521 1199 594 1270 prius
601 1200 746 1254 contrarius
758 1200 861 1269 ignitus
873 1199 985 1266 humor,

379 1284 528 1352 Junctaque
539 1302 599 1337 cum
609 1284 683 1337 Luna
695 1282 794 1337 lumina
807 1282 872 1338 Solis
883 1296 969 1337 erunt.

166 1382 298 1473 Deinde
312 1411 394 1496 post
408 1399 533 1469 ἀδάητα
546 1394 668 1484 multa,

336 1537 425 1607 Quaen
437 1536 500 1593 mitat
512 1537 546 1593 sit
556 1548 644 1592 tecum
654 1578 663 1606 ,
674 1538 765 1607 positis
774 1557 832 1609 quae
842 1540 1000 1613 sumpsimus
1010 1542 1106 1614 armis,

364 1617 471 1684 Gratia,
483 1619 626 1673 commissis
639 1618 757 1687 improbe
770 1630 845 1689 rupta
857 1621 916 1673 tuis.

170 1731 241 1804 lloc
259 1747 311 1804 est
333 1726 431 1829 plane
452 1707 601 1828 quodde
617 1728 756 1830 Hygino
774 1728 952 1804 Suetonius
978 1748 1134 1806 testatum
1153 1731 1232 1805 reli-

170 1845 253 1944 quit.
268 1845 442 1917 Postremo
451 1871 553 1943 quum
562 1841 618 1915 ille
626 1841 796 1942 Hyginum
806 1843 982 1951 admodum
991 1873 1168 1944 pauperem
1183 1844 1234 1918 de·

171 1958 307 2032 cessisse
325 1956 448 2043 tradit,
471 1957 658 2054 conjectura
674 1984 745 2030 mea
765 1957 885 2031 mimm
903 1961 936 2031 in
955 1958 1089 2032 modum
1113 1958 1232 2032 confir·

172 2091 296 2160 matnr;
312 2071 419 2146 Ibidis
435 2072 522 2144 enim
539 2087 765 2173 paupertatem
786 2072 928 2146 Ovidius
944 2072 1014 2172 ipse
1030 2072 1158 2161 innuit,
1174 2075 1235 2147 hac

173 2190 426 2292 imprecatione,
447 2216 547 2289 quam
563 2189 732 2263 Domitius
749 2217 815 2281 non
834 2190 1000 2289 percepit:

338 2329 419 2382 Filius
431 2339 457 2382 et
469 2327 577 2381 Cereris
586 2329 682 2383 trustra
695 2330 741 2382 tibi
754 2350 859 2400 semper
871 2343 989 2398 ametur,

369 2414 556 2482 Destituatque
567 2423 623 2466 tuas
634 2433 714 2484 usque
727 2415 821 2483 petitus
833 2433 902 2483 opes.

174 2527 341 2598 Nasonum
352 2523 441 2597 enim
448 2519 565 2596 votum
574 2539 643 2609 est,
660 2541 699 2597 ut
710 2522 845 2612 Plutus,
865 2526 992 2599 Cereris
1002 2546 1035 2600 et
1045 2529 1121 2601 Iasii
1130 2528 1233 2615 filius,

175 2641 233 2740 qui
243 2640 430 2714 divitiarum
443 2638 587 2714 Deusab
596 2640 880 2740 antiquishabitns
889 2659 954 2728 est,
964 2642 1118 2716 molestas
1132 2645 1238 2718 Ibidis

175 2782 292 2856 preces
308 2784 476 2854 nunqnam
490 2754 654 2842 exaudiat,
673 2784 813 2857 eumque
827 2784 954 2856 semper
965 2757 1078 2858 inopia
1090 2758 1238 2833 laborare

178 2873 275 2945 sinat.
296 2874 331 2943 ls
347 2887 396 2944 est
413 2888 539 2959 antem,
557 2873 650 2971 cujus
672 2870 888 2973 mythologici
905 2869 983 2944 libri
1003 2873 1152 2948 omnium
1170 2906 1241 2950 ma-

178 2991 280 3064 nibus
298 2989 368 3062 triti
386 3008 582 3091 supersunt,
606 3007 647 3061 ut
666 2992 783 3063 merito
799 2988 921 3063 sabulis
939 2990 1025 3078 suis,
1043 2994 1135 3093 quasi
1161 3023 1239 3095 pro-

179 3106 258 3205 pn'is
277 3106 396 3193 amris,
411 3102 552 3203 jugulari
569 3104 727 3177 videatur.
745 3106 870 3177 Annon
887 3104 1021 3180 mirifice
1039 3109 1149 3182 omnia
1166 3139 1243 3185 con·

179 3222 337 3296 veniunt?
354 3223 516 3295 Caeterum
535 3219 678 3292 disticho
695 3221 847 3319 superius
868 3222 1012 3296 adducto
1033 3224 1240 3326 Cinyphius,

181 3334 212 3406 id
229 3355 295 3424 est,
312 3335 488 3408 Africanus
501 3362 521 3405 a
532 3332 696 3432 Cinyphe,
710 3331 849 3434 Libyam
863 3332 1020 3423 alluente,
1036 3338 1241 3426 nominatur,

182 3451 348 3550 quomodo
366 3451 472 3537 Juba,
492 3449 700 3521 Mauritaniae
715 3454 788 3538 rex,
807 3448 850 3522 ab
870 3449 984 3526 eodem
1000 3454 1152 3543 Nasone,
1171 3455 1243 3527 Me·

180 3564 405 3678 tomorpltoscon
422 3564 483 3638 lib.
503 3566 555 3635 V:

625 3680 803 3752 Numidasque
813 3681 942 3752 rebelles,

381 3767 594 3840 Cinyphiumque
606 3766 721 3831 dolosum

181 3890 216 3947 et
233 3870 386 3945 Bocchm
400 3901 420 3946 a
433 3873 569 3948 Sidonio
587 3873 785 3973 Panegyrico
800 3874 1001 3974 Majoriani:

692 3998 763 4052 Cum
775 3997 853 4053 divit'e
864 4000 924 4054 cera

385 4080 477 4152 Pinges
492 4082 615 4152 Cinyphii
625 4083 724 4150 captiva
736 4080 847 4152 Mapalia
861 4080 966 4136 Bocchi.
