2768 4694
440 372 480 434 P.
511 368 690 436 OVIDII
717 365 945 434 NASONIS

318 507 408 575 thue
423 504 474 560 iroc
483 545 491 570 ,
501 505 538 560 sic
549 506 651 560 utinam
662 503 803 560 defendere
814 514 901 558 cetera
912 506 1015 573 posses!
1076 528 1080 537 ·

353 597 504 663 Seisaliud,
517 596 589 668 quod
604 608 629 653 te
642 596 750 663 tuerit,
765 596 921 665 asernagis

67 730 71 737 ’
157 721 202 791 Et
219 716 254 789 iu
272 734 390 816 quarto
408 713 449 788 ad
468 716 604 802 Carum,
624 715 731 816 Epist.
751 732 843 787 xtlt:

319 864 365 919 lile
377 862 485 934 quidem
498 863 577 927 dixit3
588 863 635 918 sed
647 881 689 916 me
701 863 772 931 jam,
786 860 873 927 Care,
886 859 966 915 nivali

353 954 432 1008 Sexta
442 954 587 1026 relegatum
598 954 694 1007 bruma
704 952 752 1006 sub
764 971 809 1006 axe
821 950 900 1005 videt.

322 1044 449 1100 Carmina
459 1045 496 1098 n'd
508 1054 637 1114 prosunt:
649 1054 799 1100 nocuerunt
809 1043 926 1126 carmina
939 1041 1088 1112 quondam,

352 1138 494 1206 Primaque
507 1148 562 1190 tam
575 1137 676 1191 misme
687 1155 763 1192 causa
773 1135 849 1190 fuere
859 1134 937 1205 fugn-

157 1253 310 1327 Secundo
325 1253 404 1325 item
422 1251 463 1327 de
480 1252 582 1326 Trist.
597 1254 664 1325 ait:

249 1438 252 1444 -
325 1399 384 1454 Cur
397 1399 494 1468 aliquid
507 1398 581 1453 vidi?
593 1417 641 1454 cur
651 1400 729 1453 noxia
739 1399 838 1454 lumina
849 1400 924 1456 tecit

357 1488 416 1542 Cur
427 1489 588 1559 imprudenti
598 1490 701 1560 cognita
712 1490 787 1560 culpa
798 1489 862 1543 nu’hi
873 1491 930 1545 est?

321 1579 422 1635 inscius
434 1581 541 1635 Acmon
554 1581 619 1635 vidit
631 1581 687 1635 sine
699 1591 769 1635 veste
784 1576 915 1635 Dianam:

325 1659 328 1665 ¹
355 1670 447 1726 Preda
458 1672 507 1725 suit
518 1672 625 1726 canibus
638 1690 693 1725 non
703 1671 791 1725 minus
806 1672 848 1726 ille
860 1672 928 1736 suis;

156 1810 187 1865 rt
204 1790 390 1880 incodem,
407 1791 442 1865 in
458 1789 541 1864 fine:

319 1938 499 2006 carminaque
512 1937 661 2006 edideram,
674 1957 756 2008 quum
769 1949 794 1992 te
805 1936 898 1992 delicta
909 1949 1046 1993 notantem

353 2029 473 2083 Praeterii
485 2029 560 2082 toties
570 2029 726 2098 irrequietus
739 2047 825 2096 eques.

322 2120 394 2188 Ergo
405 2139 462 2188 quae
474 2120 563 2188 iuveni
574 2120 639 2172 mihi
651 2139 706 2174 non
718 2121 837 2174 nocitura
849 2121 951 2189 putavi,

351 2211 453 2278 Scripta
464 2230 556 2279 parum
569 2211 698 2281 prudens,
712 2230 784 2265 nunc
796 2231 910 2266 nocuere
920 2213 985 2266 seni.

320 2301 386 2356 Sera
399 2302 556 2356 redundavit
567 2303 661 2356 veteris
672 2302 785 2356 vindicta
799 2302 883 2359 libelii.

354 2392 442 2446 Distat
450 2404 477 2447 et
487 2413 502 2446 a
513 2394 600 2447 meriti
613 2405 731 2462 tempore
743 2413 819 2463 poena
829 2396 868 2448 sui
879 2418 886 2459 ;

159 2532 191 2587 et
207 2512 242 2587 in
258 2511 372 2600 tertio,
390 2512 485 2607 Eleg.
503 2531 528 2584 v
545 2540 552 2583 :

324 2660 409 2714 lnscia
420 2659 490 2728 quod
503 2659 603 2712 crimen
615 2657 738 2712 viderunt
752 2657 866 2725 lumina,
879 2657 992 2728 plector:

359 2752 551 2817 Peccatumque
564 2748 652 2803 ourtos
663 2759 702 2801 est
715 2749 833 2803 habuisse
844 2768 942 2802 meum.

324 2845 385 2899 Non
398 2841 520 2912 equidem
534 2851 616 2893 totam
629 2860 733 2909 possum
746 2841 886 2895 defendere
898 2844 1017 2914 cuipam:

358 2935 412 2988 Sed
424 2942 524 3004 partem
537 2931 619 2984 nostri
630 2931 745 2986 criminis
757 2950 832 2985 error
842 2931 928 2986 habet.

162 3055 296 3156 Ubique
312 3051 415 3149 igitur
432 3047 537 3123 exsilii
555 3079 682 3124 causam
699 3070 767 3124 tum
785 3048 891 3123 libros
906 3051 946 3122 de
960 3052 1061 3138 Arte,
1082 3072 1152 3127 tum
1169 3085 1224 3129 er-

161 3199 269 3245 rorem
280 3169 380 3243 inisse
395 3185 626 3240 commemorat
641 3197 648 3239 :
663 3168 738 3266 quis
747 3192 823 3238 vero
839 3162 894 3237 ille
908 3166 1119 3253 oportuerit,
1133 3199 1224 3243 nun-

163 3317 261 3388 quam
276 3286 424 3388 aperuit,
442 3312 483 3357 ne
496 3284 600 3378 magis
618 3285 790 3377 Augustus
803 3281 868 3355 sibi
881 3280 1081 3356 irasceretur.
1098 3288 1223 3360 Verum

164 3402 261 3501 quia,
287 3419 327 3473 ut
343 3399 413 3499 ipse
430 3397 495 3484 ait,
518 3397 660 3470 Nitimur
676 3396 707 3468 in
731 3397 856 3468 ueti'tum
883 3422 1007 3493 semper,
1030 3399 1223 3500 cupimusque

162 3531 269 3617 negata
279 3546 291 3599 ;
317 3514 473 3613 quidnam
491 3511 525 3583 id
541 3511 657 3599 fuerit,
672 3509 807 3612 plurimi
824 3511 906 3586 seire
931 3512 1039 3585 conati
1060 3532 1161 3602 sunt,
1187 3530 1221 3590 et

162 3647 300 3706 conatur
313 3658 440 3729 semper
450 3626 590 3726 aliquis:
609 3644 811 3727 quapropter
826 3627 981 3728 suspicati
995 3647 1072 3702 sunt
1088 3632 1220 3730 quidam

164 3766 259 3848 turpe
282 3744 417 3845 aliquod
446 3743 591 3838 Augusti
616 3762 775 3818 secretum
800 3771 875 3818 casu
901 3744 1020 3819 vidisse
1040 3748 1220 3833 Ovidium

164 3865 255 3966 quod
275 3892 341 3936 non
357 3861 482 3961 placet,
507 3862 584 3959 quia
602 3861 698 3934 toties
716 3861 903 3960 objiciendo
923 3865 1048 3954 scelus,
1067 3865 1222 3938 immitio-

163 4008 231 4052 rem
247 3976 442 4051 reddidisset
455 3976 629 4062 Caesarem,
650 4004 747 4074 quem
761 3974 862 4048 lenire
875 3996 905 4051 et
919 3980 1044 4079 placare
1055 3976 1218 4052 studebat.

164 4096 230 4167 Atii
242 4125 338 4186 vero,
358 4093 449 4196 quod
465 4091 609 4188 Augusti
623 4090 724 4167 filiam
739 4093 803 4167 sub
822 4093 905 4169 salso
921 4097 1073 4170 Corinna
1089 4093 1222 4166 nomine
