2768 4694
172 388 210 449 18
445 387 483 450 P.
516 384 695 453 OVIDII
721 384 949 454 NASONIS

165 532 234 603 Nec
250 527 328 628 plus
342 524 524 626 adspicias,
544 553 760 626 quamquem
773 553 832 600 sua
848 525 915 600 filia
929 525 1030 614 rexit,

213 647 380 743 Expertus
396 638 502 714 scelus
519 656 571 714 est
587 640 681 738 eujus
698 658 837 742 uterque
854 670 993 744 parens:

164 758 285 858 Qualis
301 775 385 844 erat,
404 773 580 857 postquam
597 774 647 831 est
660 756 759 856 judex
778 757 817 831 de
834 756 893 831 lite
908 759 1022 857 jocosa
1185 781 1238 834 sos

211 878 364 963 Sumtus,
384 872 559 975 Apollinea
574 873 680 949 clarus
694 876 729 948 in
742 893 810 949 arte
827 903 925 950 senex
940 905 949 950 ε

164 993 284 1094 Qualis
299 1011 332 1068 et
349 991 406 1065 ille
422 992 501 1078 fuit,
519 1021 586 1093 qno
605 992 816 1094 precipiente
835 991 992 1068 columba

210 1116 274 1186 Est
288 1111 364 1185 data
376 1109 531 1185 Palladiae
547 1110 667 1213 praevia
682 1110 815 1211 duxque
832 1111 917 1184 rati:

161 1226 298 1328 Quique
316 1223 422 1300 oculis
438 1223 560 1309 caruit,
581 1251 642 1324 per
659 1252 743 1322 quos
760 1222 844 1297 male
859 1223 986 1299 viderat
1003 1252 1142 1314 aurum,

119 1410 137 1425 .,
210 1341 351 1417 lusorias
366 1355 446 1411 nato
461 1365 547 1438 qnos
564 1336 657 1409 dedit
673 1336 753 1410 orba
771 1366 914 1438 parens:
1183 1379 1237 1434 270

160 1460 285 1539 Pastor
301 1473 340 1528 ut
356 1455 520 1540 AEtnaeus,
539 1451 594 1524 cui
611 1477 705 1524 casus
723 1468 799 1525 ante
816 1451 948 1526 futuros

206 1571 363 1649 Telemus
381 1567 584 1670 Eurymedes
602 1567 799 1642 vaticinatus
816 1585 912 1642 erat:

188 1739 244 1794 aot
251 1740 427 1805 Necplrsetc.
438 1734 563 1803 OEdipns,
574 1733 672 1787 incesta
723 1733 789 1802 Quo
795 1733 1077 1803 beneficiodeviuctns,
1084 1736 1155 1792 cauit
1161 1740 1232 1808 apud

159 1832 261 1886 matre,
274 1827 302 1872 et
317 1817 397 1886 patris
413 1833 478 1868 nece
495 1811 617 1879 infamis,
636 1812 670 1866 ob
720 1813 892 1883 Apollonium
901 1814 1051 1884 Rhodium,
1065 1820 1232 1875 monensAr-

158 1897 262 1954 sceleris
283 1892 469 1950 conscientiam
487 1900 596 1946 oscarus
613 1901 668 1957 est,
719 1901 862 1962 gonautas‚
878 1904 908 1946 ut
924 1894 995 1948 inter
1012 1894 1132 1968 Cyaneas
1144 1909 1232 1966 petra

159 1977 349 2046 regebaturquc
360 1987 442 2026 corcus
451 1967 484 2022 ab
494 1966 669 2023 lsmeualilia.
717 1969 866 2024 columbam
889 1984 1056 2043 sequantur,
1080 1995 1160 2046 quam
1183 1976 1231 2032 Dii

192 2055 248 2107 265.
264 2054 364 2118 Qaala's.
376 2049 401 2102 T
402 2047 618 2113 iresias,sumtus
625 2044 670 2112 in-
719 2049 864 2102 mitterent.

159 2133 208 2187 ‹lex
225 2151 239 2184 a
257 2131 366 2185 Junone
385 2137 412 2180 et
425 2125 514 2187 Jove,
533 2123 617 2177 virine
634 2140 670 2176 an
751 2126 807 2181 268.
819 2129 952 2182 Palladia.
968 2129 1041 2200 Argo
1058 2133 1129 2185 navis
1139 2137 1231 2188 Patra-

159 2208 276 2264 mulieris
286 2206 366 2261 libido
377 2205 463 2274 major
473 2213 553 2267 esset,
566 2211 671 2256 senten·
717 2207 762 2258 dia
771 2204 839 2259 dicta
847 2216 902 2271 est,
915 2208 1039 2275 quoniam
1048 2209 1113 2263 lacta
1121 2222 1231 2268 estcura

158 2290 223 2345 tiam
233 2286 294 2341 tulit
305 2287 331 2337 in
341 2283 493 2345 Junoncm,
507 2298 580 2348 aqua
589 2278 669 2335 oculis
716 2282 838 2337 Palladis,

156 2376 197 2422 est
209 2365 324 2433 privatus
335 2381 341 2414 :
351 2358 397 2413 sed
406 2357 513 2427 Jupiter
522 2354 668 2410 consolatus
752 2361 806 2431 269.
823 2361 919 2433 Ourima
930 2369 1019 2418 oculei.
1030 2364 1228 2437 polymnestor,

158 2458 198 2501 est
209 2447 266 2516 ejus
278 2441 452 2497 calamitatem
468 2438 584 2498 honoret
605 2453 668 2488 nam
717 2454 763 2490 rex
775 2439 912 2506 Thracia,
930 2442 1013 2496 veteri
1031 2442 1142 2497 amicitia
1162 2465 1230 2500 eon.

159 2523 232 2577 dedit
243 2517 376 2574 divinandi
387 2528 470 2571 artem
484 2511 669 2582 :bicpredixit
718 2516 824 2584 junctus
843 2535 904 2571 cum
921 2519 1048 2585 Priamo,
1069 2520 1228 2578 imminente

159 2602 313 2658 Thebarum
324 2596 469 2651 interitum.
479 2591 602 2662 Daphne,
611 2592 669 2659 ejus
717 2594 785 2648 bello
790 2595 1229 2671 Grumumt’otytorumprumi

159 2681 228 2746 fitia,
242 2697 300 2749 que
313 2686 402 2746 postea
414 2674 482 2726 dicta
498 2681 537 2724 est
553 2668 666 2742 Sibylla,
717 2669 800 2724 filium
818 2693 832 2725 a
848 2676 1000 2744 parentibus
1013 2677 1060 2730 sibi
1080 2677 1228 2733 demanda-

158 2757 316 2814 vaticinaucli
326 2766 380 2810 arte
390 2753 482 2807 edocta
492 2791 499 2817 ,
512 2750 595 2805 multa
602 2750 667 2804 scri-
715 2758 773 2804 tum
782 2751 892 2824 bospitio
900 2755 1018 2825 suscepit.
1028 2756 1081 2811 sed
1089 2758 1227 2815 mengun„

158 2839 209 2908 psit
220 2854 359 2904 responsa;
373 2830 443 2885 unde
453 2831 564 2883 Homer.
573 2847 667 2896 poema
717 2829 853 2898 Troianis,
866 2832 922 2884 auri
931 2872 938 2899 ,
948 2834 1018 2903 quod
1030 2835 1176 2908 Polydorus
1183 2837 1227 2890 ad·

159 2916 270 2972 ornavit.
282 2914 360 2968 Dont.
372 2941 405 2952 -
420 2914 512 2977 Quales
528 2919 584 2962 erat
594 2917 668 2975 post·
716 2907 827 2974 tulerat,
847 2909 968 2966 ariditate
981 2926 1086 2980 eaptus,
1103 2925 1226 2968 contem-

157 3015 232 3068 quam
241 3003 290 3047 etc.
297 2990 457 3045 Tradituret
465 2988 513 3041 alia
521 3005 668 3052 causa,cur
716 2995 761 3054 pto
778 2985 882 3054 hospitii
899 2990 977 3056 jure,
995 2987 1157 3060 Polydorum
1176 2993 1226 3046 οι).

158 3075 215 3127 visu
223 3071 337 3141 privatus
348 3067 425 3121 luerit
434 3063 547 3120 Tiresias
558 3063 668 3117 :videli-
714 3072 826 3116 truncat.
836 3063 919 3131 Quod
930 3065 1127 3134 quumHecuba
1138 3080 1225 3123 mater

158 3164 199 3207 cet
208 3150 278 3220 quod
285 3147 418 3203 Palladem
427 3144 557 3198 lavantem
567 3143 666 3197 nudam
715 3138 887 3208 percepisset,
903 3141 1066 3196 dissimulans
1077 3165 1104 3196 se
1117 3147 1223 3214 ignora-

158 3229 320 3299 ²d⁵t>²¹l⁵⁸0b
335 3225 439 3277 Μῐῦῖῑ·
714 3236 764 3283 m,
786 3217 1015 3289 Polymnestorem
1034 3222 1153 3289 rogavit,
1172 3235 1221 3291 ut,

186 3309 241 3376 267.
252 3307 373 3372 Qualiset
382 3306 442 3368 ipse.
452 3297 578 3366 Phineus,
586 3299 667 3351 Arca·
714 3305 820 3364 accepto
836 3295 959 3349 thesauro
977 3317 1056 3367 quem
1075 3299 1220 3366 indicaret,

158 3390 206 3441 dr'ae
214 3404 259 3436 res
270 3402 278 3436 .·
290 3386 337 3450 qui
346 3384 422 3432 ducta
434 3380 566 3445 Cleopatra
574 3387 664 3444 uxore,
714 3369 798 3424 filium
808 3373 940 3426 redderet.
953 3375 977 3428 Is
989 3386 1092 3429 secutus
1105 3376 1222 3432 mulieri,

160 3465 280 3535 Orytlmm
290 3469 316 3513 et
328 3462 445 3513 Crambrir
455 3475 489 3507 ex
501 3458 609 3524 eafilios
618 3457 667 3507 ha·
714 3449 813 3516 fidem,
833 3451 960 3506 adductus
979 3453 1006 3506 in
1023 3467 1170 3517 secretum,
1190 3458 1221 3510 ab

158 3546 214 3594 bui!
229 3560 237 3591 .·
254 3539 430 3605 superrirdncta
447 3553 565 3594 noverca,
589 3551 667 3586 suasu
714 3531 1221 3602 Hecubaetancillisoculisprivatur.D.

156 3618 268 3685 ejusdem
279 3618 371 3667 liberos
388 3615 529 3666 etcoecarr‘!
541 3629 548 3661 :
560 3611 626 3661 uode
641 3617 668 3661 et
748 3629 803 3676 ²7¹·
816 3613 910 3664 Pastor
919 3620 948 3663 ut
957 3614 1076 3663 Munus.
1089 3612 1222 3685 Polyphe-

156 3700 211 3763 1'psr'
220 3713 238 3745 a
250 3695 310 3744 Diis
320 3696 394 3743 tiata}
405 3693 473 3741 erutr'
485 3690 566 3752 oculi,
580 3696 607 3740 et
618 3685 666 3738 da-
713 3706 783 3752 mus,
791 3688 1102 3761 interCyclopesSiculos
1108 3692 1220 3747 Homeri

156 3773 232 3841 pibus
240 3789 293 3823 non
305 3766 493 3837 poteratvesci,
503 3785 585 3834 quum
594 3766 666 3818 Har·
713 3767 829 3820 carmine
837 3766 1035 3833 celeberrimus,
1046 3770 1150 3823 oculum
1161 3772 1222 3824 ami·

157 3869 215 3921 pyoe
231 3849 343 3903 admotu
359 3845 455 3898 mensis
468 3863 511 3896 eas
529 3843 665 3896 sudarent.
712 3845 745 3899 sit
754 3886 761 3912 ,
771 3845 863 3898 adusto
872 3845 957 3913 stipite
969 3846 1093 3903 effossum
1104 3852 1135 3903 ab
1144 3850 1221 3920 ⁰¹5*

157 3931 238 3984 Zetus
246 3941 272 3984 et
281 3927 381 3991 Calais,
391 3926 482 3977 Boreae
490 3922 545 3986 filii,
555 3923 666 3977 insecuti
711 3945 754 3983 se.
765 3944 846 3994 quum
856 3965 863 3991 ,
873 3926 1015 3996 absumptis
1021 3932 1137 4000 quinque
1146 3929 1221 3981 sociis

156 4018 219 4059 sunt
234 4027 293 4060 aves
306 4003 338 4059 ad
358 4002 444 4055 Plotas
458 4020 539 4068 usque
553 4001 663 4066 insulas,
711 4003 778 4057 illius
789 4043 796 4068 ,
809 4003 871 4057 vino
883 4005 991 4060 obustus
1003 4009 1108 4077 jaceret.

156 4103 213 4151 quae
230 4096 318 4151 postca
332 4082 406 4136 dictae
422 4090 484 4131 sunt
496 4080 664 4145 Strophadas
746 4102 801 4151 ²7²·
822 4086 935 4137 Telemus
954 4088 1114 4156 Eurymedes.
1128 4083 1218 4153 Eury-

155 4181 268 4231 eumque
286 4172 360 4216 tauto
373 4159 497 4229 supplicio
512 4159 664 4212 liberarunt.
711 4163 791 4214 mr‘cles
806 4159 907 4216 dictum
922 4164 989 4217 Met.
1006 4161 1094 4225 xltl,
1109 4178 1145 4212 vs.
1162 4178 1217 4227 77¹·
