2768 4694
479 334 575 401 PER
600 335 632 398 J.
658 332 888 400 MASSON.
1150 358 1210 400 aar

333 503 413 556 Aeno
426 498 458 552 C.
472 515 543 562 xrrr;
560 500 596 554 U.
609 497 642 551 G,
654 513 785 560 ocenum
804 496 894 551 Ovidii
907 469 978 551 eret
994 514 1046 550 rvr.

249 644 282 699 c.
299 640 396 698 suro
413 637 586 701 enema,
607 639 635 691 n.
655 637 837 694 uunarro
855 596 1127 695 reinco'coss.

211 791 239 862 1.
267 789 420 861 Eurusr
447 810 547 882 supra
573 781 852 869 concesserimus,
880 780 1024 881 aliquam
1050 810 1089 856 ex
1113 783 1222 858 Ponto

155 906 232 979 libri
250 906 284 977 ll
300 919 430 1004 partem
444 898 486 973 ad
502 897 741 999 precedentem
757 926 880 972 annum
894 896 1019 992 alligari
1032 927 1148 999 posse;
1170 902 1224 973 ni·
1320 959 1322 963 ,

153 1020 222 1095 tito
236 1039 347 1093 tamen
359 1017 469 1090 minus
481 1012 582 1087 nobis
596 1014 731 1086 omuino
746 1013 895 1099 videtur,
909 1013 1017 1114 ipsum
1029 1013 1151 1090 librum
1159 1016 1226 1114 jam

157 1137 330 1212 collectum
353 1132 487 1207 nonnisi
514 1132 616 1204 hocce
642 1159 729 1204 anno
758 1131 860 1204 fuisse
875 1132 1001 1204 editum
1022 1133 1225 1233 Romamque

159 1251 318 1334 missum;
343 1245 433 1347 quod
453 1244 562 1343 priores
581 1245 677 1315 etiam
707 1273 781 1345 pars
807 1243 917 1345 aliqua
940 1243 1002 1317 sub
1031 1241 1121 1318 itlius
1149 1245 1225 1320 anni

162 1361 312 1438 exeuntis
327 1360 459 1463 lperuem
474 1377 599 1432 exarata
616 1358 733 1443 suerit,
752 1375 853 1457 prout
866 1360 933 1456 jam
950 1376 1025 1431 aute
1044 1359 1197 1432 vidimus.

212 1482 257 1552 ll.
272 1479 388 1577 Neque
399 1476 440 1549 ad
451 1475 538 1550 aliud
553 1492 683 1575 tempus
693 1474 882 1549 referendus
895 1494 946 1549 cst
959 1477 1063 1551 tertius
1072 1506 1114 1550 er
1125 1478 1228 1551 Ponto

167 1596 249 1679 tiber,
267 1623 335 1695 quo
347 1593 442 1667 etiam
458 1591 584 1693 pluries
598 1590 791 1691 predictum
803 1591 931 1664 Tiberii
944 1591 1148 1694 triumphum
1162 1624 1228 1668 mc-

166 1729 286 1799 morat‚
303 1710 408 1810 Epist.
424 1727 457 1795 1,
477 1726 519 1781 111
534 1725 568 1781 et
585 1725 636 1779 tv.
652 1708 723 1780 Hac
738 1737 814 1782 vero
825 1725 936 1799 notat,
950 1738 984 1783 se
997 1738 1077 1782 uano
1090 1711 1229 1796 circiter,

166 1848 340 1930 postquam
357 1826 478 1901 ductus
495 1822 551 1896 itte
564 1821 689 1910 suerat,
708 1824 860 1898 scribere.¹
878 1825 1010 1898 Etenim
1020 1855 1096 1924 opus
1108 1826 1231 1899 Rufino

168 1947 319 2032 mittens,
338 1941 428 2044 qnod
444 1939 484 2013 de
500 1938 616 2013 eodem
631 1938 786 2039 {dumpho
803 1940 1003 2015 carminibus
1019 1943 1231 2030 condiderat,

168 2063 270 2153 (vers.
294 2056 375 2144 3-6,
396 2054 487 2152 etc.)
504 2042 571 2139 ait,
587 2054 651 2153 Ep.
669 2058 728 2141 tv,
744 2082 824 2127 vers.
846 2052 981 2128 53-60:

329 2202 435 2256 Cetera
447 2200 565 2255 certatim
576 2199 609 2253 de
624 2220 722 2272 magno
736 2201 829 2269 scripta
842 2202 956 2271 trimpho

365 2297 427 2345 Jam
434 2295 531 2357 pridem
540 2290 627 2361 populi
641 2292 759 2362 suspicor
772 2311 818 2344 ore
833 2291 898 2360 legi,
910 2305 958 2347 etc.

333 2387 397 2439 Non
410 2402 459 2451 ego
469 2383 580 2448 cessari,
593 2402 642 2436 nec
652 2382 714 2437 fecit
727 2383 823 2436 inertia
834 2400 929 2434 serum:

366 2473 470 2528 Ultima
481 2492 523 2526 me
535 2475 598 2527 vesti
613 2477 721 2529 sustinet
733 2493 780 2529 ora
794 2473 865 2526 freti.

336 2566 413 2618 Dum
429 2564 501 2616 venit
513 2563 564 2616 huc
575 2583 681 2632 rumor,
692 2577 883 2637 properataque
895 2565 1010 2618 carmina
1023 2564 1106 2629 tiuut,

374 2657 505 2723 Factaque
520 2664 585 2708 eunt
599 2655 631 2706 ad
643 2675 702 2723 voa,
713 2678 795 2712 annus
806 2661 814 2688 ¹
828 2661 912 2709 abisse
924 2666 1016 2725 potest.

173 2775 306 2873 Hyeme
324 2789 432 2844 autem
449 2800 483 2844 ea
501 2799 535 2844 se
551 2790 663 2843 canere
680 2772 804 2859 innuit,
822 2802 905 2846 vers.
925 2771 970 2844 33
989 2789 1023 2846 et
1037 2770 1104 2864 34:

346 2903 457 2956 Pectora
467 2903 520 2955 sint
530 2902 606 2955 nobis
617 2905 714 2956 auibus
722 2908 852 2975 (Indeque
866 2906 968 2970 licebit,

375 2996 463 3062 Atque
475 2992 541 3060 hoc,
555 3012 636 3063 quem
649 2993 748 3062 patior,
752 2994 886 3064 stipidr'ora
898 2997 971 3062 loeo,
983 3007 1031 3049 etc.

182 3113 266 3188 tttud
279 3131 388 3188 autem
406 3141 481 3212 opus
495 3113 535 3184 dc
548 3111 677 3185 Tiberii
693 3109 873 3215 triumpho,
891 3113 980 3214 quod
994 3113 1057 3186 hoc
1070 3142 1156 3187 anno
1172 3117 1241 3186 Ro·

184 3260 264 3307 mam
276 3231 383 3318 misit,
397 3231 462 3330 jam
475 3232 599 3304 Noster
613 3227 749 3303 molitus
761 3230 846 3338 erat,
865 3260 967 3330 quum
981 3229 1040 3305 lib.
1056 3234 1108 3318 lt,
1124 3235 1185 3330 Ep.
1200 3249 1241 3310 v,

188 3349 356 3436 scriberet,
375 3376 514 3420 envers.
536 3342 645 3445 27-35
664 3376 672 3417 :

344 3496 430 3564 Nuper
439 3505 469 3547 ut
481 3493 535 3546 huc
548 3491 636 3562 magui
651 3490 771 3561 pervenit
782 3490 851 3545 fama
862 3496 982 3560 triumphi
988 3533 995 3552 ,

377 3587 462 3640 Ausus
472 3603 533 3639 sum
546 3595 624 3639 tante
635 3601 739 3637 sumere
754 3583 830 3636 motis
841 3602 918 3649 opusc
931 3595 979 3636 etc.

350 3675 430 3744 Quod
443 3675 542 3729 risorte
555 3679 621 3728 liber
629 3681 846 3743 restraspmem't
856 3674 887 3727 ed
899 3693 974 3727 aures

381 3767 501 3821 Tutelarn
514 3767 613 3820 maudo
623 3767 718 3821 sentiat
727 3765 769 3820 itte
782 3777 863 3819 tuam.

226 3908 234 3938 ¹
254 3903 354 3959 Confer
364 3925 396 3959 ex
409 3907 482 3961 Pout
498 3908 542 3961 tib.
564 3908 611 3974 tV,
626 3908 707 3979 Epist.
720 3923 764 3973 x1,
778 3925 845 3960 vers.
862 3910 890 3960 15
902 3918 929 3960 et
945 3907 993 3958 16:
1007 3900 1105 3952 «Dum
1124 3909 1168 3951 ωδ
1186 3917 1248 3967 per·

198 3988 266 4041 venit
276 4028 284 4055 ,
296 3988 361 4043 dum
380 3989 455 4043 litera
472 4002 561 4046 nostra
572 4011 708 4046 recurrens
719 3991 773 4044 Tot
785 3990 867 4043 maria
878 4011 909 4044 ac
920 4001 1001 4043 cerras
1013 3990 1147 4052 permeat,
1168 4000 1251 4034 annus

195 4078 252 4128 atat.
265 4099 277 4120 n
