2768 4694
164 375 224 441 132
490 375 528 439 P.
555 375 731 442 OVIDII
757 373 888 441 VITA

159 509 356 585 obtinuerat.
375 509 527 584 Profecto
536 539 638 612 quum
647 511 858 586 dcemvr'ratus
870 509 924 585 ille
933 538 1004 584 non
1013 511 1116 586 luerit
1128 515 1219 615 equi·

159 625 251 702 tibus
265 626 421 727 proprius
438 626 563 714 bonos,
578 627 636 700 sed
651 626 717 699 illis
727 627 824 700 modo
839 626 954 712 datus,
969 626 1025 726 qui
1041 625 1077 699 in
1091 647 1222 704 senatus

158 771 252 846 spem
270 742 461 830 alebantur3
485 745 530 816 ita
546 760 579 816 et
599 744 689 842 jura,
709 771 781 843 qun
796 743 906 844 ipsum
923 743 1149 844 sequebantur
1169 744 1222 820 de-
1244 761 1249 764 ’

157 861 345 935 cenriratum
359 867 377 945 ,⁴
400 859 586 934 debuerunt
609 860 649 932 ad
680 860 862 934 senatorios
887 860 1031 933 bonores
1062 878 1219 961 spectare.

156 974 295 1063 Paucis,
314 975 580 1077 qnandoquidem
598 974 646 1048 illi
660 976 794 1073 juvenes
811 974 879 1048 lato
897 975 1006 1048 induti
1023 975 1115 1049 claro
1136 975 1221 1052 dice·

156 1089 279 1165 bantur
294 1092 437 1165 numani
452 1091 587 1175 ordinis,
618 1091 681 1163 etsi
706 1089 855 1163 nondum
879 1091 913 1161 in
941 1106 1054 1163 senatu
1080 1090 1222 1165 hanomm

158 1205 366 1303 capererisent,
386 1204 436 1277 uti
446 1204 581 1277 Tacitus
597 1202 765 1304 'loquitur
781 1205 821 1277 de
833 1204 924 1277 tatio
936 1204 1106 1290 Montano,
1126 1232 1222 1306 quem

158 1320 336 1394 Suetonius
353 1328 366 1357 ²
385 1319 566 1392 lata'cladnnr
580 1336 692 1400 vocat,
709 1317 833 1390 idcirco
848 1316 975 1390 nullum
990 1335 1042 1391 est
1059 1319 1219 1408 dubium,

159 1434 240 1532 quin
258 1431 356 1504 iidem
369 1431 502 1529 juribus
515 1430 670 1503 senatorii
684 1428 810 1502 ordinis
828 1431 1034 1518 fruerentur,
1047 1418 1108 1505 nec
1121 1433 1223 1507 modo

156 1547 336 1650 privilegiis
347 1547 483 1621 alterius
491 1545 657 1620 inferioris
670 1545 816 1634 ordinis,
836 1547 876 1620 ad
889 1576 986 1647 quem
1001 1576 1067 1621 nou
1078 1549 1223 1650 amplius

157 1666 352 1738 attinebant.
1150 1674 1153 1679 ’

210 1783 370 1855 Ceterum
385 1807 487 1886 quum
502 1779 664 1865 Ovidius,
677 1796 778 1880 prout
790 1808 866 1853 mox
881 1782 1114 1882 probabimus,
1129 1810 1223 1884 spem

64 1883 69 1896 ’
160 1913 293 1970 senatus
310 1913 428 1996 sponte
445 1893 619 1991 abjecerit,
637 1893 729 1967 ac'ad
741 1913 914 1990 angustum
929 1895 1055 1971 clavum
1068 1897 1220 1985 redierit,

160 2009 353 2112 priusquam
365 2007 471 2080 ullum
482 2007 518 2078 in
531 2007 605 2108 ipso
621 2028 734 2082 senatu
746 2011 939 2109 capessisset
950 2012 1112 2086 bonorem
1124 2041 1132 2100 ;
1146 2012 1222 2086 hinc

160 2126 324 2221 ambigere
341 2124 436 2210 licet,
454 2153 532 2196 num
547 2142 661 2225 postea
674 2125 792 2199 itcmm
806 2127 975 2227 equitibus
992 2148 1222 2206 annumeratus

158 2243 231 2342 jure
249 2239 483 2314 decemviratus
506 2240 644 2312 anteacti
665 2241 812 2339 potuerit
839 2243 875 2314 in
893 2242 1045 2317 orchestra
1064 2262 1232 2345 spectare..

160 2359 237 2431 Eoo
255 2354 318 2455 ipsi
336 2352 465 2427 licuisse
482 2351 575 2428 facile
591 2382 660 2426 nou
679 2372 729 2426 est
745 2353 880 2429 definitu
893 2387 901 2443 ;
916 2385 975 2430 nec
992 2359 1074 2431 mibi
1093 2359 1223 2459 quidem

160 2469 334 2547 verisimile
360 2470 422 2557 Εἰς
445 2471 567 2572 quippe
591 2471 648 2570 qui
672 2470 819 2558 videam,
846 2475 1034 2567 Augustum
1060 2476 1122 2562 iis,
1142 2459 1242 2576 qnos⁸

134 2632 138 2640 ·
162 2591 260 2680 etiam
279 2586 320 2661 ad
337 2615 371 2662 sc
389 2605 503 2661 senatu
519 2585 721 2659 abdicandos
737 2589 943 2688 catapulerat,
964 2587 1053 2661 velut
1068 2591 1224 2690 peculiari

163 2702 367 2797 indulgentia
384 2709 545 2775 sanavisse
556 2702 669 2799 insigne
681 2705 774 2776 uestis
788 2763 797 2789 ,
816 2720 846 2776 et
860 2703 1017 2803 spectandi
1027 2705 1057 2777 in
1070 2707 1225 2783 orchestra

163 2816 363 2920 epulandique
381 2817 502 2917 publice
518 2818 573 2916 jus
590 2814 613 2888 ³.
633 2819 753 2891 Verum
775 2816 857 2891 nibil
874 2818 963 2919 apud
985 2821 1142 2895 Ovidium
1165 2851 1224 2896 oc·

166 2935 288 3020 currit,
307 2930 395 3033 quod
413 2932 510 3006 nobis
525 2948 654 3032 tempus
670 2932 752 3008 illud
766 2935 896 3022 innuat,
914 2965 980 3036 quo
992 2936 1057 3033 jam
1074 2956 1223 3014 senatum

167 3049 354 3148 ejuraverat.

214 3165 364 3239 Alterum
380 3191 456 3237 vero
473 3164 563 3264 quod
580 3166 716 3253 attinet,
734 3165 791 3266 qui
806 3165 959 3239 tribunatu
973 3167 1034 3240 sub
1048 3168 1142 3243 Julio
1155 3170 1222 3243 (ἶπ-

166 3309 236 3356 sare
251 3281 287 3352 in
303 3278 392 3353 bello
408 3276 565 3353 Africano
581 3297 695 3352 contra
710 3277 829 3351 Jubarn
845 3276 978 3352 functus
995 3298 1081 3366 erat,
1098 3283 1127 3355 is
1142 3312 1222 3383 pro·

166 3395 244 3470 inde
260 3407 289 3478 ἐς
304 3401 438 3489 βουλείας
455 3400 555 3469 ubalde
570 3395 601 3467 t‘n
617 3420 700 3492 ‘spem
716 3393 879 3465 senatoria
894 3391 1047 3491 drgsnitatt's
1070 3394 1223 3472 tribunus

166 3512 248 3598 luit,
267 3528 304 3584 ut
329 3510 395 3583 Dio
421 3508 461 3582 de
485 3508 575 3582 tutta
603 3505 761 3582 Catonno
785 3505 957 3608 loquitur,
983 3525 1078 3607 atque
1106 3510 1222 3588 militia

167 3644 339 3729 promotus
355 3642 405 3698 est
427 3623 468 3697 ad
490 3641 657 3709 senatum;
675 3621 947 3724 quemadmodum
965 3640 998 3694 et
1023 3621 1095 3698 aliis
1116 3629 1222 3702 conti-

170 3744 254 3838 gisse
269 3739 365 3844 plura
382 3737 499 3813 docent
514 3738 660 3839 exempla
677 3737 797 3839 passim
812 3738 847 3810 in
864 3738 1000 3812 historia
1018 3741 1097 3814 satis
1115 3743 1218 3816 obvia.

201 3945 209 3974 ¹
228 3940 322 3995 Annal.
333 3939 376 3994 lib.
390 3937 473 4005 xltt,
486 3958 540 4008 cap.
554 3941 593 3991 25.

198 4021 210 4050 ¹
228 4021 259 4074 ln
271 4021 333 4075 Ner.
344 4039 399 4089 cap.
412 4019 451 4072 ab.

198 4099 209 4131 ³
226 4101 332 4158 Sueton.
346 4103 374 4159 in
387 4105 453 4174 Aug.
465 4122 519 4172 cap.
533 4103 580 4166 35;
599 4100 649 4155 vid.
663 4111 690 4156 et
701 4099 782 4156 Dion.
791 4099 835 4157 lib.
851 4101 923 4168 LIV,
938 4121 994 4173 pag.
1010 4101 1065 4154 531.
