2768 4694
492 354 544 422 IN
568 354 746 422 OVIDII
769 356 892 422 IBlN.
1177 356 1222 427 63

153 527 234 574 nam
246 515 280 573 et
291 495 535 598 Aristophanes
548 496 586 567 in
597 495 727 569 Avibus
736 497 924 594 Lycurgum
934 493 1009 567 lbiu
1023 496 1222 584 nominavit,

156 630 329 713 propterea
342 610 435 712 qnod
447 637 566 703 genere
574 625 607 681 et
618 609 767 681 moribus
778 608 956 710 AEgyptius
966 626 1067 695 esset,
1079 628 1118 683 ut
1128 630 1222 685 vetus

156 727 395 830 Aristophanis
412 725 606 801 scholiastes
624 724 769 823 exponit.

536 1057 741 1143 CAPUT
776 1057 851 1141 IV.

224 1271 315 1309 ΝΜ
326 1269 429 1309 Rom
439 1267 618 1308 coluerunt
632 1267 844 1319 propulsum,
864 1266 955 1305 ΙΟΜἛ
973 1266 1158 1306 (ΞΟΙΡΙΙΤΌΙ.

159 1380 399 1487 Ntsctttttt
413 1439 471 1487 sna
488 1428 608 1513 sponte
623 1408 811 1483 obscuritas
821 1435 861 1481 ex
871 1408 944 1483 istis
960 1409 1164 1509 privatarum
1178 1439 1225 1485 re

161 1551 234 1598 runt
255 1523 426 1612 historiis,
444 1525 567 1625 quibos
592 1524 692 1600 etiarn
713 1524 804 1597 Naso
831 1522 940 1597 dedita
957 1551 1057 1623 opera
1072 1525 1225 1601 tenebras

160 1638 322 1725 effundit,
335 1658 375 1714 nt
387 1638 527 1714 arduum
537 1640 601 1725 sit,
618 1656 685 1713 tarn
699 1638 808 1713 densis
820 1638 952 1714 nebulis
963 1642 1032 1716 veri
1045 1643 1223 1718 scintillam

160 1753 356 1853 exsculpere
374 1756 449 1848 Ego
468 1771 595 1839 nrum,
612 1754 745 1827 incusso
761 1753 803 1826 ad
820 1751 914 1827 illum
937 1755 1150 1829 tenebricosa
1170 1786 1224 1828 ve-

161 1872 295 1946 tustatis
312 1872 443 1972 pyriten
459 1871 616 1972 chalybe,
636 1899 706 1944 non
723 1869 919 1945 mediocrem
937 1869 1041 1947 lucem
1058 1902 1225 1976 expressu-

160 2015 231 2061 rnm
248 2015 301 2060 me
317 1987 458 2061 conlido.
477 1988 561 2073 Sed,
578 2003 754 2086 antequam
770 1988 965 2062 sententiam
985 2017 1099 2083 roger,
1115 2020 1224 2092 opera.

161 2104 301 2202 pretinm
313 2122 365 2177 est
375 2120 516 2176 veterem
528 2103 775 2198 grammaticum
788 2104 918 2193 audire,
934 2107 1006 2206 qni,
1022 2125 1104 2181 teste
1117 2107 1224 2182 Coelio

162 2220 372 2316 llbodigino,
387 2221 500 2319 Antip.
519 2221 605 2295 lect.
623 2220 684 2293 lib.
701 2221 798 2305 Xlll,
818 2249 886 2321 cap.
907 2250 941 2309 t,
957 2223 1137 2297 Corvinum
1153 2253 1225 2298 esse

161 2337 327 2437 prodidit,
347 2363 442 2436 quem
453 2337 606 2409 hicNaso
617 2336 683 2411 sale
696 2353 729 2408 et
735 2335 842 2409 resina
854 2337 1020 2411 confricat,
1034 2339 1222 2436 Ejnsverba

163 2471 259 2527 sunt:
274 2488 291 2518 α
306 2453 399 2526 lllub
415 2454 525 2526 obiter
537 2451 738 2540 adnotarim,
757 2452 792 2523 in
804 2450 925 2524 Caecilii
940 2455 1119 2528 Minutiani
1129 2460 1224 2557 Apu·

167 2600 184 2630 o
205 2564 259 2640 leii
272 2567 476 2662 Fragrncntis
489 2567 708 2652 observatum,
719 2566 813 2639 annis
827 2583 950 2665 septem
959 2567 994 2639 in
1003 2569 1132 2654 exsilio,
1145 2599 1224 2642 con-

166 2716 185 2746 »
205 2684 346 2784 sumptis
360 2683 507 2756 functum
524 2710 596 2756 esse
611 2682 680 2755 lato
693 2683 867 2767 Ovidium,
884 2710 948 2782 qna
961 2684 1014 2756 die
1025 2685 1125 2756 Titus
1139 2713 1225 2785 quo-

167 2832 187 2863 »
209 2825 275 2898 que
287 2798 401 2871 Livius
418 2796 605 2884 decesserit,
623 2815 784 2871 structum
800 2798 879 2872 item
895 2796 944 2869 illi
960 2827 979 2870 a
994 2798 1150 2873 Barbarie
1166 2829 1225 2901 per

164 2948 183 2979 »
202 2912 327 2987 multas
342 2911 498 3011 lacrymas
515 2914 655 3014 tymbon
669 2932 744 2986 ante
760 2914 902 3011 jannem.
918 2917 1045 2988 Auctor
1058 2915 1143 2988 idem
1158 2917 1223 2988 Mi-

167 3063 183 3092 »
201 3027 359 3102 nutianns
382 3043 454 3113 est,
478 3027 656 3101 Corvinum
679 3029 721 3100 ab
749 3027 872 3100 Ovidio
896 3028 1095 3128 adpellatnm
1123 3031 1224 3104 luisse

166 3177 182 3209 >2
201 3145 300 3232 lbin,
323 3170 364 3218 ex
378 3143 448 3218 avis
463 3143 630 3229 feditate,
648 3143 702 3216 cui
719 3161 862 3218 ventrem
879 3162 989 3218 rostro
1007 3174 1147 3246 purgare
1173 3148 1226 3218 in-

165 3293 182 3324 »
201 3261 301 3337 sitnm
317 3262 383 3349 sit,
403 3279 437 3334 et
449 3261 515 3334 boc
532 3289 571 3334 ex
584 3258 776 3334 Callimachi
787 3261 1135 3364 imitationezpulsnnr
1147 3277 1226 3365 qno

165 3411 183 3450 s
202 3380 313 3482 quein
326 3377 496 3466 exsilium,
511 3377 602 3478 qnod
612 3379 758 3473 Augusti
771 3378 935 3456 incestum
949 3382 1093 3455 vidisset.
1113 3418 1130 3448 u
1149 3386 1226 3457 llaec

162 3493 235 3584 ille,
252 3524 397 3599 quornm
409 3494 492 3569 fides
509 3511 581 3568 esto
598 3522 700 3594 penes
715 3513 901 3582 auctorem,
930 3497 987 3597 qni
1002 3500 1152 3572 nondum
1171 3498 1224 3571 lu-

164 3636 234 3686 cern
256 3615 357 3700 vidit,
381 3611 508 3711 unique
525 3609 631 3684 Coelio
656 3606 848 3707 Rhodigino
867 3631 970 3687 notus
991 3614 1071 3702 luit,
1088 3617 1137 3689 uti
1161 3615 1225 3709 jam

165 3745 261 3803 antea
271 3730 498 3829 pronuntiavit
514 3727 622 3802 bilius
640 3726 825 3828 Gyraldns,
842 3730 881 3805 de
896 3730 1061 3806 Poetarum
1076 3731 1222 3814 lt'storiu,

164 3841 299 3940 Dialog.
316 3846 412 3935 AAn
424 3844 602 3931 Corvinus,
616 3844 769 3945 quisquis
779 3842 835 3919 ille
844 3844 954 3932 lirerit,
965 3848 999 3920 in
1010 3850 1116 3946 Libya
1130 3862 1227 3919 natus

163 3977 232 4048 est,
250 3958 311 4032 ubi
336 3958 457 4035 scilieet
482 3961 557 4034 lbin
582 3957 707 4033 natales
730 3959 887 4034 habuisse
912 3960 1056 4034 declarat
1084 3959 1226 4033 Ovidius

165 4075 199 4148 in
214 4076 267 4151 his
283 4106 290 4147 :
