2768 4694
167 349 227 392 110
499 327 539 392 P.
567 325 744 395 0v1n11
771 325 907 392 vlra

160 467 265 552 eriam
287 464 449 566 siquidem
474 465 565 567 apud
590 482 769 566 utrumque
795 465 908 541 eadem
924 488 978 539 res
998 481 1164 539 meretur.
1197 468 1237 541 ln

161 609 231 656 eam
247 581 334 656 enim
352 582 524 657 senatoria
540 581 711 678 dignitatis
726 609 809 682 spem
828 580 974 656 Ovidius
986 579 1093 655 latum
1113 582 1236 657 sumsit

160 698 307 788 davum,
334 717 374 775 ut
391 699 511 775 invicte
536 700 635 775 docet
655 728 732 774 mox
755 699 899 787 addens,
924 725 1007 775 vers.
1033 698 1111 775 35:
1137 697 1234 775 Cant

162 813 316 901 restabat,
336 831 399 888 ete.
417 813 468 889 3⁰.
489 815 543 889 Ex
557 815 622 888 boe
637 814 747 888 nostri
767 813 843 888 loeo
861 829 972 913 patet,
987 812 1120 888 eosdem
1138 811 1233 890 illua·

161 933 264 1007 trium
285 932 436 1033 equiturn
463 930 589 1007 liberos
611 929 711 1005 simul
730 959 804 1007 cum
822 947 903 1026 toga
923 928 1012 1005 virili
1034 929 1231 1007 laticlaviam

160 1047 323 1139 induisse,
339 1077 444 1149 quum
457 1048 529 1148 ipse
545 1047 614 1122 baee
631 1045 700 1121 duo
715 1075 781 1120 uua
796 1046 937 1146 jungat:

358 1205 474 1257 la'darrbr
482 1202 559 1257 fratri
570 1213 657 1256 surrrta
668 1202 787 1273 mihique
799 1212 860 1272 toga
871 1212 929 1264 αἱς

311 1294 499 1365 ·lnduiturqne
512 1295 631 1350 humeris
641 1315 703 1350 eum
716 1299 769 1350 lato
781 1314 897 1366 purpura
909 1298 989 1349 clero.

158 1441 227 1512 Nec
236 1438 301 1513 alio
312 1436 481 1513 sensuhos
489 1436 668 1512 versiculos
679 1435 980 1511 intellexeruutviri
991 1435 1230 1533 magniAldus

159 1554 333 1628 Manutius
353 1563 362 1593 ¹
389 1582 426 1629 ae
448 1556 548 1629 Isaac.
574 1554 793 1652 Casaubonus
814 1561 849 1640 ²;
872 1552 1014 1653 quibus,
1033 1553 1141 1654 quoad
1157 1582 1228 1630 rem

161 1669 283 1767 ipsam,
302 1667 465 1743 accedunt
488 1668 615 1742 T'heod.
638 1666 812 1742 Mamilius
834 1664 867 1754 ³,
886 1683 920 1741 et
940 1666 1098 1742 Octavius
1112 1668 1229 1744 Ferra-

158 1781 228 1854 rius
247 1778 335 1855 ⁴.-At
351 1780 490 1856 dubium
509 1782 562 1856 hic
578 1809 710 1857 morere
724 1798 860 1884 potest,
885 1779 975 1880 quod
996 1779 1228 1859 celeberrimus

161 1894 309 1967 Graevius
319 1895 473 1969 observat
484 1896 526 1969 ad
538 1896 607 1970 haee
617 1894 771 1970 Suetonii
783 1894 824 1967 de
836 1896 994 1989 Augusto
1006 1894 1108 1968 rerba
1121 1924 1130 1968 ε
1143 1895 1228 1970 Pro-

157 2013 237 2085 tinus
256 2041 278 2084 a
298 2014 385 2086 virili
403 2015 466 2110 (ut
481 2013 656 2109 legendum
672 2015 809 2106 censet)
831 2027 905 2112 logo
925 2013 1022 2085 lotum
1039 2014 1157 2088 clerum
1181 2015 1227 2088 rir-

157 2129 249 2203 durre
258 2132 415 2229 pennisit,
443 2131 567 2205 scilicet
588 2148 776 2205 senatorum
798 2128 922 2204 liberis.
947 2163 964 2194 κ
983 2132 1115 2204 Etenim
1132 2136 1227 2208 autu·

104 2337 108 2343 ¹
160 2278 178 2309 »
199 2262 287 2335 mat,
303 2247 464 2346 protritus,
489 2248 582 2348 qnod
604 2246 737 2348 quidem
755 2263 805 2319 est
822 2248 998 2334 continue,
1016 2276 1084 2322 non
1108 2249 1153 2323 ita
1176 2249 1226 2323 in·

161 2395 179 2427 »
198 2359 410 2458 teiligendum
422 2390 506 2451 esse,
518 2363 613 2465 quasi
622 2363 697 2463 ipso
705 2361 757 2435 die
768 2361 910 2435 tirocinii
924 2364 1080 2438 sumenda
1092 2394 1226 2467 quoque

162 2509 180 2540 o
201 2475 317 2552 suisset
337 2476 448 2549 tunica
471 2476 631 2550 laticlavia
650 2505 658 2562 3
687 2493 756 2548 tum
780 2477 867 2550 enim
889 2494 1011 2553 reetam
1029 2479 1226 2569 sumebant;

160 2626 178 2657 »
198 2592 255 2666 sed
273 2592 399 2681 statim,
415 2610 473 2666 aut
488 2620 557 2665 non
570 2590 671 2684 longe
686 2608 781 2690 post,
801 2610 848 2678 et,
863 2592 891 2666 si
909 2590 1050 2681 luberet,
1065 2614 1225 2694 sequente

159 2741 178 2774 o
198 2710 261 2784 die.
280 2744 298 2774 o
318 2710 405 2805 Quae
423 2726 530 2781 tamen
546 2705 774 2804 interpretatio
792 2723 964 2796 contorta,
985 2737 1045 2782 nec
1058 2709 1167 2784 valido
1188 2713 1225 2786 ti-

155 2824 266 2897 hicine
274 2821 358 2897 fulta
366 2823 506 2896 videtur.
519 2821 592 2893 Etsi
607 2820 693 2895 enim
703 2841 828 2896 certum
836 2841 936 2912 esset,
947 2826 1090 2898 tunicam
1100 2845 1222 2903 rectam

156 2965 231 3013 cum
247 2956 323 3035 toga
334 2937 422 3013 viriti
434 2954 573 3012 sumtum
583 2936 705 3028 finisse,
719 2939 836 3040 quidni
849 2936 962 3013 liceret
979 2967 1053 3013 eum
1071 2941 1219 3018 Femrio

156 3056 357 3142 existimare,
375 3055 520 3129 tunicam
531 3073 649 3131 rectam
666 3073 699 3130 et
714 3055 783 3129 lato
797 3054 887 3130 clavo
900 3054 1091 3151 insignitam
1104 3061 1220 3150 fuisse,

155 3185 255 3269 atque
276 3198 374 3245 unam
396 3170 610 3270 eamdemque
634 3170 779 3244 tunicam
801 3168 891 3244 vario
916 3172 1048 3244 nomine
1074 3174 1219 3267 dictam,

157 3286 433 3383 quemadmodum
449 3286 522 3387 ipsa
539 3303 619 3382 toga
635 3285 758 3374 virilis,
775 3304 808 3359 et
823 3283 928 3359 libera
945 3287 1059 3375 etiam,
1081 3319 1119 3363 ac
1135 3321 1221 3391 pura

155 3398 353 3491 vocatarum
370 3420 428 3477 ant
442 3420 564 3477 rectam
579 3430 654 3476 cum
670 3398 829 3476 laticlavia
845 3418 1004 3491 sumtum,
1022 3421 1060 3477 ut
1078 3404 1145 3478 haec
1162 3436 1219 3481 su-

154 3512 284 3608 perior,
301 3516 358 3593 itta
373 3536 458 3595 esset
475 3519 623 3595 inferior.
646 3515 774 3595 Deinde
792 3544 930 3616 parrum
951 3537 1002 3592 est
1018 3520 1217 3612 discrimen,

154 3622 183 3694 ai
207 3626 299 3707 dieas
327 3631 520 3708 laticlaviam
546 3631 782 3707 tunicam-eum
805 3648 885 3731 toga
903 3630 1008 3721 virili,
1032 3633 1082 3709 vel
1106 3640 1218 3714 statim

185 3819 194 3849 ¹
213 3819 324 3889 Quare.
336 3850 384 3900 per
396 3832 478 3902 upra.
490 3829 532 3883 rs.
545 3829 589 3897 11,
602 3846 657 3899 ap.
669 3849 693 3883 2.

182 3900 195 3929 ²
211 3901 274 3959 Not.
285 3910 314 3964 iu
329 3914 439 3969 Sueton.
452 3913 520 3981 Aug.
530 3931 584 3981 cap.
596 3913 636 3966 38.

183 3976 195 4010 ⁸
211 3982 313 4043 Notio
327 3996 438 4051 Sueton.
450 3997 530 4062 Veap.
539 4013 593 4062 cap.
607 4013 630 4046 a·

182 4057 194 4093 ⁸
211 4064 330 4126 Anateet.
344 4096 399 4146 cap,
411 4099 450 4134 ao.
